Details,Posting Date,Description,Amount,Type,Balance,Check or Slip #
DEBIT,03/27/2025,"CU LIBRARY ORANGE CA                         03/19",-2.04,DEBIT_CARD,395.99,,
DEBIT,03/27/2025,"TILDEN PARK GOLF COURSE BERKELEY CA          03/25",5.00,DEBIT_CARD,398.03,,
DEBIT,03/26/2025,"VENMO *Lilly Santora Visa Direct NY          03/25",-25.00,DEBIT_CARD,393.03,,
DEBIT,03/26/2025,"GLF*SENSIBLE WEATHER 424-3671964 CA          03/24",-10.02,DEBIT_CARD,418.03,,
DEBIT,03/26/2025,"VENMO*CARTER ASHTON NEW YORK CITY NY 439263  03/26",24.57,DEBIT_CARD,428.05,,
DEBIT,03/26/2025,"CU LIBRARY ORANGE CA                         03/19",2.04,DEBIT_CARD,403.48,,
DEBIT,03/25/2025,"VENMO *Allison Thuang Visa Direct NY         03/25",-250.00,DEBIT_CARD,401.44,,
DEBIT,03/25/2025,"GLF*GolfNowReservation 844-8004653 FL        03/24",-7.47,DEBIT_CARD,651.44,,
CREDIT,03/25/2025,"Online Transfer from CHK ...9965 transaction#: 24169821638",250.00,ACCT_XFER,658.91,,
DEBIT,03/24/2025,"OPENAI *CHATGPT SUBSCR OPENAI.COM CA         03/23",-20.00,DEBIT_CARD,408.91,,
DEBIT,03/24/2025,"CHEVRON 0205456 WESTLEY CA                   03/21",-56.72,DEBIT_CARD,428.91,,
DEBIT,03/24/2025,"SHELL OIL13010257015 CASTAIC CA              03/21",-54.93,DEBIT_CARD,485.63,,
DEBIT,03/24/2025,"SHELL OIL13010257015 CASTAIC CA              03/21",-8.44,DEBIT_CARD,540.56,,
DEBIT,03/24/2025,"SQ *PUR BOWLS : ACAI BO Orange CA            03/21",-13.80,DEBIT_CARD,549.00,,
DEBIT,03/24/2025,"CTLP*Worldwide Video SANDIEGO CA             03/21",-6.00,DEBIT_CARD,562.80,,
DEBIT,03/24/2025,"ROYAL LIQUOR ORANGE CA                       03/20",-5.97,DEBIT_CARD,568.80,,
DEBIT,03/24/2025,"FINNEY'S CRAFTHOUSE AND ORANGE CA            03/21",-9.20,DEBIT_CARD,574.77,,
CREDIT,03/24/2025,"Online Transfer from CHK ...1048 transaction#: 24164914410",146.00,ACCT_XFER,583.97,,
DEBIT,03/21/2025,"TST*PAULS COCKTAILS Orange CA                03/21",-14.00,DEBIT_CARD,437.97,,
DEBIT,03/21/2025,"TST*PAULS COCKTAILS Orange CA                03/21",-17.70,DEBIT_CARD,451.97,,
DEBIT,03/21/2025,"TST*PAULS COCKTAILS Orange CA                03/21",-17.70,DEBIT_CARD,469.67,,
DEBIT,03/21/2025,"TST*PAULS COCKTAILS Orange CA                03/21",-14.16,DEBIT_CARD,487.37,,
DEBIT,03/21/2025,"TST*THE DISTRICT LOUNGE Orange CA            03/21",-6.28,DEBIT_CARD,501.53,,
DEBIT,03/21/2025,"CHIPOTLE ONLINE https://prod. CA             03/20",-11.91,DEBIT_CARD,507.81,,
DEBIT,03/21/2025,"GLF*SanRamonGolf 925-8286100 CA              03/20",-145.47,DEBIT_CARD,519.72,,
DEBIT,03/21/2025,"CHAP U SUB CONN ORANGE CA                    03/20",-4.51,DEBIT_CARD,665.19,,
DEBIT,03/20/2025,"Online Transfer to CHK ...1048 transaction#: 24120721886 03/20",-400.00,ACCT_XFER,669.70,,
DEBIT,03/20/2025,"CU LIBRARY ORANGE CA                         03/19",-2.04,DEBIT_CARD,1069.70,,
DEBIT,03/20/2025,"CHIPOTLE ONLINE https://prod. CA             03/19",-0.54,DEBIT_CARD,1071.74,,
DEBIT,03/19/2025,"WITHDRAWAL 03/19",-1257.00,MISC_DEBIT,1072.28,,
DEBIT,03/19/2025,"TST*WAZABI SUSHI - ORAN Orange CA            03/18",-71.11,DEBIT_CARD,2329.28,,
DEBIT,03/18/2025,"APPLE.COM/BILL 866-712-7753 CA               03/18",-9.99,DEBIT_CARD,2400.39,,
DEBIT,03/18/2025,"VENMO *Finbar OBrien Visa Direct NY          03/18",-6.00,DEBIT_CARD,2410.38,,
DEBIT,03/18/2025,"VENMO*CARTER ASHTON VISA DIRECT NY   625240  03/18",14.74,DEBIT_CARD,2416.38,,
CREDIT,03/18/2025,"Online Transfer from CHK ...9965 transaction#: 24096573129",21.00,ACCT_XFER,2401.64,,
DEBIT,03/18/2025,"VENMO*CARTER ASHTON NEW YORK CITY NY 625567  03/19",27.88,DEBIT_CARD,2380.64,,
CREDIT,03/18/2025,"Online Transfer from CHK ...1048 transaction#: 24100914011",302.00,ACCT_XFER,2352.76,,
CREDIT,03/18/2025,"Online Transfer from CHK ...1048 transaction#: 24103219587",2000.00,ACCT_XFER,2050.76,,
DEBIT,03/17/2025,"SUPER SPORTS GOLF & RE ORANGE CA     423884  03/17",-12.00,DEBIT_CARD,50.76,,
DEBIT,03/17/2025,"VENMO *Lilly Santora Visa Direct NY          03/16",-20.00,DEBIT_CARD,62.76,,
DEBIT,03/17/2025,"QWIK KORNER Orange CA                        03/14",-20.96,DEBIT_CARD,82.76,,
DEBIT,03/17/2025,"DAVID L BAKER MEMORIAL DALLAS TX             03/14",-14.00,DEBIT_CARD,103.72,,
DEBIT,03/17/2025,"VENMO*CARTER ASHTON NEW YORK CITY NY 278943  03/15",19.65,DEBIT_CARD,117.72,,
DEBIT,03/17/2025,"VENMO*CARTER ASHTON VISA DIRECT NY   100044  03/14",26.53,DEBIT_CARD,98.07,,
DEBIT,03/14/2025,"TARGET T-3258 ORANGE CA              023365  03/13",-34.57,DEBIT_CARD,71.54,,
DEBIT,03/14/2025,"GLF*GolfNowReservation 844-8004653 FL        03/12",-30.98,DEBIT_CARD,106.11,,
DEBIT,03/13/2025,"SUPER SPORTS GOLF & RE ORANGE CA     660462  03/13",-12.00,DEBIT_CARD,137.09,,
DEBIT,03/13/2025,"BEYOND FOODMART ORANGE CA            706541  03/13",-65.91,DEBIT_CARD,149.09,,
DEBIT,03/13/2025,"TST*PAULS COCKTAILS Orange CA                03/13",-6.79,DEBIT_CARD,215.00,,
DEBIT,03/12/2025,"TST* CHOCOLATE BASH - T TUSTIN CA            03/12",-25.98,DEBIT_CARD,221.79,,
DEBIT,03/12/2025,"SUPER SPORTS GOLF & REC ORANGE CA            03/11",-12.00,DEBIT_CARD,247.77,,
DEBIT,03/12/2025,"ALBERTSONS #3534 ORANGE CA                   03/11",-128.91,DEBIT_CARD,259.77,,
DEBIT,03/10/2025,"VENMO *Lilly Santora Visa Direct NY          03/09",-20.10,DEBIT_CARD,388.68,,
DEBIT,03/10/2025,"VENMO *Nikolai Luxton Visa Direct NY         03/09",-35.00,DEBIT_CARD,408.78,,
DEBIT,03/10/2025,"VENMO *Josh Bromley Visa Direct NY           03/08",-20.00,DEBIT_CARD,443.78,,
DEBIT,03/10/2025,"ParkWhiz, Inc. Chicago IL                    03/09",-20.00,DEBIT_CARD,463.78,,
DEBIT,03/10/2025,"GLF*MISSIONTRAILS SAN DIEGO CA               03/08",-22.00,DEBIT_CARD,483.78,,
DEBIT,03/10/2025,"GLF*MISSIONTRAILS SAN DIEGO CA               03/08",-17.50,DEBIT_CARD,505.78,,
DEBIT,03/10/2025,"GLF*MISSIONTRAILS SAN DIEGO CA               03/08",-58.00,DEBIT_CARD,523.28,,
DEBIT,03/10/2025,"KEG N BOTTLE COLLEGE SAN DIEGO CA            03/08",-14.31,DEBIT_CARD,581.28,,
DEBIT,03/10/2025,"EINSTEIN BROS BAGEL 369 SAN DIEGO CA         03/08",-24.99,DEBIT_CARD,595.59,,
DEBIT,03/10/2025,"VENMO *Colin Mulry Visa Direct NY            03/08",-20.00,DEBIT_CARD,620.58,,
DEBIT,03/10/2025,"TST* HENRY'S PUB SAN DIEGO CA                03/08",-9.08,DEBIT_CARD,640.58,,
DEBIT,03/10/2025,"VENMO *Benjamin Bilza Visa Direct NY         03/08",-16.00,DEBIT_CARD,649.66,,
DEBIT,03/10/2025,"VENMO *Chase Carter Visa Direct NY           03/08",-10.00,DEBIT_CARD,665.66,,
DEBIT,03/10/2025,"CHEVRON 0090519 SAN DIEGO CA                 03/07",-8.33,DEBIT_CARD,675.66,,
DEBIT,03/10/2025,"CHEVRON 0090519 SAN DIEGO CA                 03/07",-61.67,DEBIT_CARD,683.99,,
DEBIT,03/10/2025,"VENMO*CARTER ASHTON VISA DIRECT NY   293159  03/09",26.78,DEBIT_CARD,745.66,,
CREDIT,03/10/2025,"Zelle payment from WILLIAM JAOUA BACdewg2etvu",60.00,PARTNERFI_TO_CHASE,718.88,,
DEBIT,03/10/2025,"VENMO*CARTER ASHTON NEW YORK CITY NY 658520  03/08",68.78,DEBIT_CARD,658.88,,
DEBIT,03/06/2025,"GLF*ANAHEIMHILLS ANAHEIM CA                  03/05",-17.23,DEBIT_CARD,590.10,,
DEBIT,03/04/2025,"CITATION-PERMITS PROCE 800-9892058 CA        03/03",-68.50,DEBIT_CARD,607.33,,
DEBIT,03/04/2025,"HOOVE'S LIQUOR ORANGE CA                     03/03",-9.36,DEBIT_CARD,675.83,,
DEBIT,03/04/2025,"CU LIBRARY ORANGE CA                         03/03",-2.04,DEBIT_CARD,685.19,,
DEBIT,03/04/2025,"CHAPMAN UNIV STARBUCKS ORANGE CA             03/03",-13.35,DEBIT_CARD,687.23,,
DEBIT,03/04/2025,"SoundCloud Monthly Go 347-9866607 CA         03/03",-10.99,DEBIT_CARD,700.58,,
CREDIT,03/04/2025,"Online Transfer from CHK ...1048 transaction#: 23942067303",450.00,ACCT_XFER,711.57,,
DEBIT,03/03/2025,"HOOVE'S LIQUOR ORANGE CA             396234  03/03",-3.70,DEBIT_CARD,261.57,,
DEBIT,03/03/2025,"ALBERTSONS #3534 ORANGE CA                   03/01",-111.49,DEBIT_CARD,265.27,,
DEBIT,03/03/2025,"APPLE CASH SENT MONE 1INFINITELOOP CA        03/02",-30.00,DEBIT_CARD,376.76,,
DEBIT,03/03/2025,"CHEVRON 0090456 ORANGE CA                    03/01",-64.59,DEBIT_CARD,406.76,,
DEBIT,03/03/2025,"IN-N-OUT ORANGE 2 ORANGE CA                  03/01",-27.42,DEBIT_CARD,471.35,,
DEBIT,03/03/2025,"QWIK KORNER Orange CA                        02/28",-4.08,DEBIT_CARD,498.77,,
DEBIT,03/03/2025,"ANAHEIM HILLS 60501 PS ANAHEIM CA            02/28",-54.99,DEBIT_CARD,502.85,,
DEBIT,03/03/2025,"VENMO*CARTER ASHTON VISA DIRECT NY   590741  02/28",34.39,DEBIT_CARD,557.84,,
DEBIT,02/28/2025,"CHIPOTLE ONLINE https://prod. CA             02/27",-11.26,DEBIT_CARD,523.45,,
DEBIT,02/28/2025,"VENMO*CARTER ASHTON NEW YORK CITY NY 575549  03/01",43.23,DEBIT_CARD,534.71,,
DEBIT,02/27/2025,"VENMO  *Lilly Santora Visa Direct NY         02/27",-14.00,DEBIT_CARD,491.48,,
DEBIT,02/27/2025,"VENMO  *Pen Brooks Visa Direct NY            02/27",-2.99,DEBIT_CARD,505.48,,
DEBIT,02/27/2025,"CU LIBRARY ORANGE CA                         02/26",-2.04,DEBIT_CARD,508.47,,
DEBIT,02/26/2025,"QWIK KORNER Orange CA                        02/24",-4.09,DEBIT_CARD,510.51,,
DEBIT,02/24/2025,"VENMO            PAYMENT    1040466659574   WEB ID: 3264681992",-52.82,ACH_DEBIT,514.60,,
DEBIT,02/24/2025,"OPENAI *CHATGPT SUBSCR OPENAI.COM CA         02/23",-20.00,DEBIT_CARD,567.42,,
DEBIT,02/24/2025,"SQ *NANA'S FOODS LOS ANGELES CA              02/23",-4.41,DEBIT_CARD,587.42,,
DEBIT,02/24/2025,"QWIK KORNER Orange CA                        02/22",-18.91,DEBIT_CARD,591.83,,
DEBIT,02/24/2025,"ALBERTSONS #3534 ORANGE CA                   02/21",-168.77,DEBIT_CARD,610.74,,
DEBIT,02/24/2025,"SQ *POKE TIKI Orange CA                      02/21",-15.25,DEBIT_CARD,779.51,,
DEBIT,02/24/2025,"QWIK KORNER Orange CA                        02/20",-4.58,DEBIT_CARD,794.76,,
DEBIT,02/24/2025,"VENMO*CARTER ASHTON NEW YORK CITY NY 447420  02/22",45.20,DEBIT_CARD,799.34,,
DEBIT,02/21/2025,"TST*THE DISTRICT LOUNGE Orange CA            02/21",-20.12,DEBIT_CARD,754.14,,
CREDIT,02/21/2025,"Online Transfer from CHK ...1048 transaction#: 23811149029",251.00,ACCT_XFER,774.26,,
DEBIT,02/20/2025,"CVS/PHARMACY #09 09744 ORANGE CA     859757  02/20",-15.17,DEBIT_CARD,523.26,,
DEBIT,02/20/2025,"QWIK KORNER Orange CA                        02/18",-4.08,DEBIT_CARD,538.43,,
DEBIT,02/18/2025,"BEYOND FOODMART ORANGE CA            868212  02/18",-68.82,DEBIT_CARD,542.51,,
DEBIT,02/18/2025,"VENMO  *Lilly Santora Visa Direct NY         02/16",-10.00,DEBIT_CARD,611.33,,
DEBIT,02/18/2025,"SQ *ORANGE CIRCLE Orange CA                  02/16",-6.20,DEBIT_CARD,621.33,,
DEBIT,02/18/2025,"TST*WOODYS WHARF Newport Beach CA            02/16",-10.06,DEBIT_CARD,627.53,,
DEBIT,02/18/2025,"TST* HELMSMAN ALE HO NEWPORT BEACH CA        02/16",-11.31,DEBIT_CARD,637.59,,
DEBIT,02/18/2025,"RAISING CANES 0327 ANAHEIM CA                02/15",-14.43,DEBIT_CARD,648.90,,
DEBIT,02/18/2025,"ANAHEIM HILLS 60501 RS ANAHEIM CA            02/15",-17.25,DEBIT_CARD,663.33,,
DEBIT,02/18/2025,"ANAHEIM HILLS 60501 PS ANAHEIM CA            02/15",-148.00,DEBIT_CARD,680.58,,
DEBIT,02/18/2025,"ANAHEIM HILLS 60501 PS ANAHEIM CA            02/15",-40.00,DEBIT_CARD,828.58,,
DEBIT,02/18/2025,"VENMO  *Camille Labadi Visa Direct NY        02/14",-5.50,DEBIT_CARD,868.58,,
DEBIT,02/18/2025,"APPLE.COM/BILL 866-712-7753 CA               02/15",-9.99,DEBIT_CARD,874.08,,
DEBIT,02/18/2025,"REKINDLE COFFEE ORANGE CA                    02/14",-8.25,DEBIT_CARD,884.07,,
DEBIT,02/18/2025,"QWIK KORNER Orange CA                        02/13",-3.84,DEBIT_CARD,892.32,,
CREDIT,02/18/2025,"Zelle payment from EDUARDO GRANADOS JIMENEZ 23744788234",46.00,QUICKPAY_CREDIT,896.16,,
DEBIT,02/18/2025,"VENMO*CARTER ASHTON VISA DIRECT NY   522741  02/15",85.48,DEBIT_CARD,850.16,,
CREDIT,02/18/2025,"Online Transfer from CHK ...1048 transaction#: 23768109423",501.00,ACCT_XFER,764.68,,
DEBIT,02/14/2025,"SUPER SPORTS GOLF & RE ORANGE CA     185969  02/14",-12.00,DEBIT_CARD,263.68,,
DEBIT,02/14/2025,"TARGET T-0230 ORANGE CA              028810  02/13",-44.37,DEBIT_CARD,275.68,,
DEBIT,02/14/2025,"CHIPOTLE ONLINE https://prod. CA             02/13",-11.26,DEBIT_CARD,320.05,,
DEBIT,02/13/2025,"CU LIBRARY ORANGE CA                         02/12",-3.86,DEBIT_CARD,331.31,,
DEBIT,02/11/2025,"ALBERTSONS #3534 ORANGE CA                   02/10",-141.31,DEBIT_CARD,335.17,,
DEBIT,02/11/2025,"CHIPOTLE ONLINE https://prod. CA             02/10",-11.26,DEBIT_CARD,476.48,,
DEBIT,02/10/2025,"SHELL SERVICE STATION ANAHEIM CA     633007  02/09",-64.75,DEBIT_CARD,487.74,,
DEBIT,02/10/2025,"ANAHEIM HILLS 60501 PS ANAHEIM CA            02/09",-40.00,DEBIT_CARD,552.49,,
DEBIT,02/10/2025,"IN-N-OUT ORANGE 2 ORANGE CA                  02/09",-20.31,DEBIT_CARD,592.49,,
DEBIT,02/10/2025,"STARBUCKS STORE 20402 ORANGE CA              02/08",-12.20,DEBIT_CARD,612.80,,
DEBIT,02/10/2025,"CIRCLE K # 06064 CORONA CA                   02/07",-12.09,DEBIT_CARD,625.00,,
DEBIT,02/10/2025,"CHIPOTLE ONLINE https://prod. CA             02/07",-11.26,DEBIT_CARD,637.09,,
DEBIT,02/10/2025,"VENMO*CARTER ASHTON VISA DIRECT NY   401154  02/08",164.08,DEBIT_CARD,648.35,,
DEBIT,02/07/2025,"THE TOBACCO ISLAND CORONA CA         340869  02/07",-27.68,DEBIT_CARD,484.27,,
DEBIT,02/07/2025,"VENMO  *Ryan McGowan Visa Direct NY          02/07",-125.50,DEBIT_CARD,511.95,,
DEBIT,02/05/2025,"ZYBOOK COLLEGE TXTBOOK ZYBOOKS.COM CA        02/04",-64.00,DEBIT_CARD,637.45,,
CREDIT,02/05/2025,"Online Transfer from CHK ...1048 transaction#: 23629616667",126.00,ACCT_XFER,701.45,,
DEBIT,02/04/2025,"NWS MEGA SMOKE N VA002 ORANGE CA     012714  02/04",-30.75,DEBIT_CARD,575.45,,
DEBIT,02/04/2025,"ALBERTSONS #3534 ORANGE CA                   02/03",-92.39,DEBIT_CARD,606.20,,
DEBIT,02/03/2025,"VENMO  *Jack Falkensti Visa Direct NY        02/02",-43.00,DEBIT_CARD,698.59,,
DEBIT,02/03/2025,"TACO BELL 039804 ORANGE CA                   02/02",-25.83,DEBIT_CARD,741.59,,
DEBIT,02/03/2025,"QWIK KORNER Orange CA                        02/01",-27.98,DEBIT_CARD,767.42,,
DEBIT,02/03/2025,"SoundCloud Monthly Go 347-9866607 CA         02/01",-10.99,DEBIT_CARD,795.40,,
CREDIT,02/03/2025,"Online Transfer from CHK ...9965 transaction#: 23594936676",100.00,ACCT_XFER,806.39,,
CREDIT,02/03/2025,"Online Transfer from CHK ...1048 transaction#: 23606152049",601.00,ACCT_XFER,706.39,,
DEBIT,01/31/2025,"ANAHEIM HILLS 60501 PS ANAHEIM CA            01/31",-54.99,DEBIT_CARD,105.39,,
DEBIT,01/31/2025,"UBER   * PENDING SAN FRANCISCO CA    197293  01/30",-9.94,DEBIT_CARD,160.38,,
DEBIT,01/31/2025,"TST*PAULS COCKTAILS Orange CA                01/31",-17.70,DEBIT_CARD,170.32,,
DEBIT,01/31/2025,"THE HOME DEPOT #0615 ORANGE CA               01/29",-8.47,DEBIT_CARD,188.02,,
DEBIT,01/29/2025,"TRADER JOE S #04 TRADE ORANGE CA     827129  01/29",-30.50,DEBIT_CARD,196.49,,
DEBIT,01/29/2025,"BEYOND FOODMART ORANGE CA            732464  01/29",-60.94,DEBIT_CARD,226.99,,
DEBIT,01/28/2025,"PALM MARKET & DELI ORANGE CA                 01/27",-14.00,DEBIT_CARD,287.93,,
DEBIT,01/28/2025,"ALBERTSONS #3534 ORANGE CA                   01/27",-128.55,DEBIT_CARD,301.93,,
DEBIT,01/27/2025,"VENMO            PAYMENT    1039874894241   WEB ID: 3264681992",-38.12,ACH_DEBIT,430.48,,
DEBIT,01/27/2025,"HIMS & HERS HEALTH FORHIMS.COM CA            01/27",-175.00,DEBIT_CARD,468.60,,
DEBIT,01/27/2025,"VENMO  *Finbar OBrien Visa Direct NY         01/26",-16.00,DEBIT_CARD,643.60,,
DEBIT,01/27/2025,"WALGREENS STORE 1301 E SANTA ANA CA  235517  01/25",-20.25,DEBIT_CARD,659.60,,
DEBIT,01/27/2025,"Disney Plus 888-9057888 CA                   01/26",-9.99,DEBIT_CARD,679.85,,
DEBIT,01/27/2025,"WAZABI SUSHI - ORANG WWW.WAZABISUS CA        01/25",-55.01,DEBIT_CARD,689.84,,
CREDIT,01/27/2025,"VENMO            CASHOUT                    PPD ID: 5264681992",32.00,ACH_CREDIT,744.85,,
DEBIT,01/24/2025,"TST*PAULS COCKTAILS Orange CA                01/24",-17.70,DEBIT_CARD,712.85,,
DEBIT,01/24/2025,"TST*PAULS COCKTAILS Orange CA                01/24",-17.70,DEBIT_CARD,730.55,,
DEBIT,01/24/2025,"TST*PAULS COCKTAILS Orange CA                01/24",-17.70,DEBIT_CARD,748.25,,
DEBIT,01/24/2025,"OPENAI *CHATGPT SUBSCR OPENAI.COM CA         01/23",-20.00,DEBIT_CARD,765.95,,
DEBIT,01/23/2025,"QWIK KORNER Orange CA                        01/21",-5.60,DEBIT_CARD,785.95,,
DEBIT,01/22/2025,"TARGET T-0286 SANTA ANA CA           062063  01/22",-65.19,DEBIT_CARD,791.55,,
DEBIT,01/22/2025,"VENMO  *Dylan Lefranco Visa Direct NY        01/22",-20.00,DEBIT_CARD,856.74,,
DEBIT,01/22/2025,"QWIK KORNER Orange CA                        01/20",-3.61,DEBIT_CARD,876.74,,
DEBIT,01/21/2025,"SOS LIQUOR & MAR GOLETA CA           537320  01/18",-14.93,DEBIT_CARD,880.35,,
DEBIT,01/21/2025,"7-ELEVEN ISLA VISTA CA               526914  01/17",-8.25,DEBIT_CARD,895.28,,
DEBIT,01/21/2025,"7-ELEVEN ISLA VISTA CA               527028  01/17",-16.04,DEBIT_CARD,903.53,,
DEBIT,01/21/2025,"TST*DELGADOS MEXICAN R Carpinteria CA        01/17",-24.79,DEBIT_CARD,919.57,,
DEBIT,01/21/2025,"SQ *OJAI VALLEY INN & S Ojai CA              01/17",-16.00,DEBIT_CARD,944.36,,
DEBIT,01/21/2025,"SQ *OJAI VALLEY INN & S Ojai CA              01/17",-39.00,DEBIT_CARD,960.36,,
CREDIT,01/21/2025,"VENMO            CASHOUT                    PPD ID: 5264681992",91.00,ACH_CREDIT,999.36,,
CREDIT,01/21/2025,"Online Transfer from CHK ...1048 transaction#: 23445296486",534.00,ACCT_XFER,908.36,,
DEBIT,01/17/2025,"7-ELEVEN ISLA VISTA CA               495869  01/17",-3.85,DEBIT_CARD,374.36,,
DEBIT,01/17/2025,"WESTLAKE GOLF COURSE WESTLAKE VILL CA        01/17",-14.00,DEBIT_CARD,378.21,,
DEBIT,01/17/2025,"QWIK KORNER Orange CA                        01/15",-12.75,DEBIT_CARD,392.21,,
DEBIT,01/17/2025,"QWIK KORNER Orange CA                        01/15",-3.61,DEBIT_CARD,404.96,,
DEBIT,01/16/2025,"TST*PAULS COCKTAILS Orange CA                01/15",-19.47,DEBIT_CARD,408.57,,
DEBIT,01/16/2025,"TST*THE TACO STAND ORAN ORANGE CA            01/15",-10.98,DEBIT_CARD,428.04,,
DEBIT,01/15/2025,"QWIK KORNER Orange CA                        01/13",-4.58,DEBIT_CARD,439.02,,
DEBIT,01/14/2025,"HOOVE'S LIQUOR ORANGE CA             331795  01/14",-3.70,DEBIT_CARD,443.60,,
DEBIT,01/14/2025,"ALBERTSONS #3534 ORANGE CA                   01/13",-112.32,DEBIT_CARD,447.30,,
DEBIT,01/14/2025,"SQ *POKE TIKI Orange CA                      01/13",-17.54,DEBIT_CARD,559.62,,
DEBIT,01/14/2025,"QWIK KORNER Orange CA                        01/12",-6.57,DEBIT_CARD,577.16,,
DEBIT,01/14/2025,"SHAMROCK BAR AND GRILL COSTA MESA CA         01/12",-10.00,DEBIT_CARD,583.73,,
DEBIT,01/13/2025,"WAZABI SUSHI - ORANG WWW.WAZABISUS CA        01/13",-31.06,DEBIT_CARD,593.73,,
DEBIT,01/13/2025,"TST* WILD GOOSE COSTA MESA CA                01/12",-10.69,DEBIT_CARD,624.79,,
DEBIT,01/13/2025,"TST* WILD GOOSE COSTA MESA CA                01/12",-10.69,DEBIT_CARD,635.48,,
DEBIT,01/13/2025,"VENMO  *Anderson Macdo Visa Direct NY        01/11",-7.25,DEBIT_CARD,646.17,,
DEBIT,01/13/2025,"QWIK KORNER Orange CA                        01/11",-3.61,DEBIT_CARD,653.42,,
DEBIT,01/13/2025,"CHIPOTLE ONLINE https://prod. CA             01/11",-15.41,DEBIT_CARD,657.03,,
DEBIT,01/13/2025,"QWIK KORNER Orange CA                        01/11",-3.61,DEBIT_CARD,672.44,,
DEBIT,01/13/2025,"DAD MILLER 60502 PS ANAHEIM CA               01/10",-79.00,DEBIT_CARD,676.05,,
DEBIT,01/13/2025,"QWIK KORNER Orange CA                        01/09",-4.09,DEBIT_CARD,755.05,,
DEBIT,01/10/2025,"CHIPOTLE ONLINE https://prod. CA             01/09",-15.41,DEBIT_CARD,759.14,,
DEBIT,01/09/2025,"BEYOND FOODMART ORANGE CA            854639  01/09",-60.54,DEBIT_CARD,774.55,,
DEBIT,01/09/2025,"CHIPOTLE ONLINE https://prod. CA             01/08",-11.26,DEBIT_CARD,835.09,,
DEBIT,01/09/2025,"QWIK KORNER Orange CA                        01/07",-4.09,DEBIT_CARD,846.35,,
DEBIT,01/08/2025,"SUPER SPORTS GOLF & RE ORANGE CA     977885  01/08",-12.00,DEBIT_CARD,850.44,,
DEBIT,01/08/2025,"VENMO            PAYMENT    1039472603158   WEB ID: 3264681992",-53.84,ACH_DEBIT,862.44,,
DEBIT,01/08/2025,"ZYBOOK COLLEGE TXTBOOK ZYBOOKS.COM CA        01/07",-64.00,DEBIT_CARD,916.28,,
DEBIT,01/08/2025,"QWIK KORNER Orange CA                        01/06",-3.84,DEBIT_CARD,980.28,,
CREDIT,01/08/2025,"Online Transfer from CHK ...1048 transaction#: 23322137399",300.00,ACCT_XFER,984.12,,
DEBIT,01/07/2025,"QWIK KORNER Orange CA                        01/05",-12.75,DEBIT_CARD,684.12,,
DEBIT,01/06/2025,"VENMO            PAYMENT    1039424564237   WEB ID: 3264681992",-64.60,ACH_DEBIT,696.87,,
DEBIT,01/06/2025,"VENMO  *Tyler Buxton Visa Direct NY          01/04",-10.00,DEBIT_CARD,761.47,,
DEBIT,01/06/2025,"Clockwork Cleaners ORANGE CA                 01/04",-27.81,DEBIT_CARD,771.47,,
DEBIT,01/06/2025,"QWIK KORNER Orange CA                        01/03",-9.56,DEBIT_CARD,799.28,,
DEBIT,01/06/2025,"ALBERTSONS #3534 ORANGE CA                   01/03",-148.68,DEBIT_CARD,808.84,,
DEBIT,01/06/2025,"APPLE CASH SENT MONE 1INFINITELOOP CA        01/04",-30.00,DEBIT_CARD,957.52,,
DEBIT,01/06/2025,"QWIK KORNER Orange CA                        01/03",-7.32,DEBIT_CARD,987.52,,
DEBIT,01/03/2025,"TST* KETCH GRILL & TA 619-814-8080 CA        01/03",-24.15,DEBIT_CARD,994.84,,
DEBIT,01/03/2025,"SoundCloud Monthly Go 347-9866607 CA         01/02",-10.99,DEBIT_CARD,1018.99,,
DEBIT,01/03/2025,"VENMO*CARTER ASHTON VISA DIRECT NY   560515  01/03",141.48,DEBIT_CARD,1029.98,,
CREDIT,01/03/2025,"Online Transfer from CHK ...1048 transaction#: 23276955172",578.00,ACCT_XFER,888.50,,
DEBIT,01/02/2025,"EXXON A & R OIL COMPAN OCEANSIDE CA          01/01",-60.37,DEBIT_CARD,310.50,,
DEBIT,01/02/2025,"CHEVRON 0096953 KETTLEMAN CIT CA             01/01",-71.16,DEBIT_CARD,370.87,,
DEBIT,01/02/2025,"VENMO  *Nikolai Luxton Visa Direct NY        01/01",-12.00,DEBIT_CARD,442.03,,
DEBIT,01/02/2025,"PEET'S #04602 DANVILLE CA                    12/31",-5.85,DEBIT_CARD,454.03,,
DEBIT,12/31/2024,"ANAHEIM HILLS 60501 PS ANAHEIM CA            12/31",-54.99,DEBIT_CARD,459.88,,
DEBIT,12/31/2024,"CHEVRON 0092075 DANVILLE CA                  12/30",-3.96,DEBIT_CARD,514.87,,
DEBIT,12/30/2024,"VENMO            PAYMENT    1039227248895   WEB ID: 3264681992",-88.20,ACH_DEBIT,518.83,,
DEBIT,12/30/2024,"CANYON LAKES BREWERY SAN RAMON CA            12/27",-23.60,DEBIT_CARD,607.03,,
DEBIT,12/27/2024,"7-ELEVEN SAN RAMON CA                475786  12/27",-5.00,DEBIT_CARD,630.63,,
DEBIT,12/27/2024,"CHEVRON 0092075 DANVILLE CA                  12/26",-3.85,DEBIT_CARD,635.63,,
DEBIT,12/26/2024,"GLF*GolfNowReservation 844-8004653 FL        12/25",-78.00,DEBIT_CARD,639.48,,
DEBIT,12/24/2024,"OPENAI *CHATGPT SUBS HTTPSOPENAI.C CA        12/23",-20.00,DEBIT_CARD,717.48,,
DEBIT,12/24/2024,"CHEVRON 0092075 DANVILLE CA                  12/23",-3.41,DEBIT_CARD,737.48,,
DEBIT,12/23/2024,"SAFEWAY #0982 SAN RAMON CA                   12/22",-7.09,DEBIT_CARD,740.89,,
DEBIT,12/23/2024,"DANVILLE BOWL DANVILLE CA                    12/20",-21.00,DEBIT_CARD,747.98,,
DEBIT,12/23/2024,"DANVILLE BOWL DANVILLE CA                    12/20",-11.00,DEBIT_CARD,768.98,,
DEBIT,12/23/2024,"DANVILLE BOWL DANVILLE CA                    12/20",-45.00,DEBIT_CARD,779.98,,
DEBIT,12/23/2024,"VENMO  *Ryan McGowan Visa Direct NY          12/20",-396.00,DEBIT_CARD,824.98,,
DEBIT,12/20/2024,"YOS ON HARTZ DANVILLE CA                     12/19",-50.03,DEBIT_CARD,1220.98,,
DEBIT,12/20/2024,"VENMO*CARTER ASHTON VISA DIRECT NY   229347  12/20",204.37,DEBIT_CARD,1271.01,,
CREDIT,12/20/2024,"Online Transfer from CHK ...1048 transaction#: 23122409911",396.00,ACCT_XFER,1066.64,,
DEBIT,12/19/2024,"VENMO  *Garrett Walker Visa Direct NY        12/19",-10.00,DEBIT_CARD,670.64,,
DEBIT,12/19/2024,"VENMO  *Garrett Walker Visa Direct NY        12/18",-10.00,DEBIT_CARD,680.64,,
DEBIT,12/17/2024,"MARSHALLS #0532 DANVILLE CA          030662  12/17",-21.74,DEBIT_CARD,690.64,,
CREDIT,12/17/2024,"Zelle payment from HOLLY SESSIONS BACthqk4jt2i",16.50,PARTNERFI_TO_CHASE,712.38,,
DEBIT,12/16/2024,"CHEVRON 0092133 COALINGA CA                  12/15",-69.06,DEBIT_CARD,695.88,,
DEBIT,12/16/2024,"CHEVRON 0092133 COALINGA CA                  12/15",-13.23,DEBIT_CARD,764.94,,
DEBIT,12/16/2024,"CHIPOTLE ONLINE https://prod. CA             12/14",-11.26,DEBIT_CARD,778.17,,
DEBIT,12/16/2024,"SQ *POKE TIKI Orange CA                      12/14",-17.54,DEBIT_CARD,789.43,,
DEBIT,12/16/2024,"QWIK KORNER Orange CA                        12/13",-27.18,DEBIT_CARD,806.97,,
DEBIT,12/16/2024,"MCDONALD'S F460 ORANGE CA                    12/13",-10.01,DEBIT_CARD,834.15,,
DEBIT,12/16/2024,"QWIK KORNER Orange CA                        12/13",-3.61,DEBIT_CARD,844.16,,
DEBIT,12/16/2024,"FINNEY'S CRAFTHOUSE AND ORANGE CA            12/13",-9.20,DEBIT_CARD,847.77,,
CREDIT,12/16/2024,"Online Transfer from CHK ...1048 transaction#: 23062115726",707.00,ACCT_XFER,856.97,,
DEBIT,12/13/2024,"WAZABI SUSHI - ORANG WWW.WAZABISUS CA        12/13",-2.00,DEBIT_CARD,149.97,,
DEBIT,12/13/2024,"DAD MILLER 60502 PS ANAHEIM CA               12/12",-27.00,DEBIT_CARD,151.97,,
DEBIT,12/13/2024,"DAD MILLER 60502 PS ANAHEIM CA               12/12",-18.00,DEBIT_CARD,178.97,,
DEBIT,12/13/2024,"QWIK KORNER Orange CA                        12/11",-6.83,DEBIT_CARD,196.97,,
DEBIT,12/12/2024,"BEYOND FOODMART ORANGE CA            701225  12/12",-58.32,DEBIT_CARD,203.80,,
DEBIT,12/12/2024,"IN-N-OUT SANTA ANA 3 SANTA ANA CA            12/12",-15.40,DEBIT_CARD,262.12,,
DEBIT,12/12/2024,"G2A.COM INTERNET                             12/12",-5.52,DEBIT_CARD,277.52,,
DEBIT,12/12/2024,"QWIK KORNER Orange CA                        12/10",-3.61,DEBIT_CARD,283.04,,
DEBIT,12/12/2024,"QWIK KORNER Orange CA                        12/10",-3.61,DEBIT_CARD,286.65,,
DEBIT,12/12/2024,"VENMO*CARTER ASHTON NEW YORK CITY NY 172383  12/12",60.92,DEBIT_CARD,290.26,,
DEBIT,12/10/2024,"HOOVE'S LIQUOR ORANGE CA                     12/09",-3.70,DEBIT_CARD,229.34,,
DEBIT,12/10/2024,"CU LIBRARY ORANGE CA                         12/09",-2.95,DEBIT_CARD,233.04,,
DEBIT,12/10/2024,"REKINDLE COFFEE ORANGE CA                    12/09",-28.61,DEBIT_CARD,235.99,,
DEBIT,12/09/2024,"STARBUCKS STORE 20402 ORANGE CA              12/08",-12.50,DEBIT_CARD,264.60,,
DEBIT,12/09/2024,"ALBERTSONS #3534 ORANGE CA                   12/07",-42.11,DEBIT_CARD,277.10,,
DEBIT,12/09/2024,"VENMO  *Jack Shiebler Visa Direct NY         12/07",-60.00,DEBIT_CARD,319.21,,
DEBIT,12/09/2024,"YOGURTLAND CA200 ORANGE CA                   12/06",-9.63,DEBIT_CARD,379.21,,
DEBIT,12/09/2024,"QWIK KORNER Orange CA                        12/06",-3.61,DEBIT_CARD,388.84,,
DEBIT,12/05/2024,"HOOVE'S LIQUOR ORANGE CA                     12/04",-3.89,DEBIT_CARD,392.45,,
DEBIT,12/05/2024,"HOOVE'S LIQUOR ORANGE CA                     12/04",-6.69,DEBIT_CARD,396.34,,
DEBIT,12/05/2024,"CHIPOTLE ONLINE https://prod. CA             12/04",-15.35,DEBIT_CARD,403.03,,
DEBIT,12/05/2024,"QWIK KORNER Orange CA                        12/03",-7.30,DEBIT_CARD,418.38,,
DEBIT,12/04/2024,"USPS PO 05566703 308 W ORANGE CA     150511  12/04",-0.95,DEBIT_CARD,425.68,,
DEBIT,12/04/2024,"HOOVE'S LIQUOR ORANGE CA                     12/03",-3.70,DEBIT_CARD,426.63,,
DEBIT,12/04/2024,"SoundCloud Monthly Go 347-9866607 CA         12/03",-10.99,DEBIT_CARD,430.33,,
DEBIT,12/03/2024,"ALBERTSONS #3534 ORANGE CA                   12/02",-144.76,DEBIT_CARD,441.32,,
DEBIT,12/03/2024,"CHIPOTLE ONLINE https://prod. CA             12/02",-15.35,DEBIT_CARD,586.08,,
DEBIT,12/02/2024,"HOOVE'S LIQUOR ORANGE CA             733223  12/02",-3.70,DEBIT_CARD,601.43,,
DEBIT,12/02/2024,"BEYOND FOODMART ORANGE CA            787342  12/01",-58.67,DEBIT_CARD,605.13,,
DEBIT,12/02/2024,"TARGET T-0183 PACOIMA CA             065267  12/01",-14.21,DEBIT_CARD,663.80,,
DEBIT,12/02/2024,"IN-N-OUT SANTA ANA 3 SANTA ANA CA            11/30",-12.89,DEBIT_CARD,678.01,,
DEBIT,12/02/2024,"SHELL OIL 10014070006 LOST HILLS CA          11/30",-7.91,DEBIT_CARD,690.90,,
DEBIT,12/02/2024,"TACO BELL 26336 LOST HILLS CA                11/30",-23.77,DEBIT_CARD,698.81,,
DEBIT,12/02/2024,"SHELL OIL 10014070006 LOST HILLS CA          11/30",-69.01,DEBIT_CARD,722.58,,
DEBIT,12/02/2024,"ANAHEIM HILLS 60501 PS ANAHEIM CA            11/30",-54.99,DEBIT_CARD,791.59,,
DEBIT,12/02/2024,"MEENAR DANVILLE CA                           11/30",-11.00,DEBIT_CARD,846.58,,
DEBIT,12/02/2024,"MEENAR DANVILLE CA                           11/30",-25.00,DEBIT_CARD,857.58,,
DEBIT,12/02/2024,"VENMO  *Nikolai Luxton Visa Direct NY        11/29",-23.00,DEBIT_CARD,882.58,,
CREDIT,12/02/2024,"Online Transfer from CHK ...1048 transaction#: 22900666756",657.00,ACCT_XFER,905.58,,
DEBIT,11/27/2024,"TACO BELL 30771 SAN RAMON CA                 11/27",-18.67,DEBIT_CARD,248.58,,
DEBIT,11/27/2024,"VENMO  *billy jaoua Visa Direct NY           11/26",-8.00,DEBIT_CARD,267.25,,
DEBIT,11/26/2024,"CHEVRON 0092075 DANVILLE CA                  11/25",-3.96,DEBIT_CARD,275.25,,
DEBIT,11/25/2024,"CHEVRON 0092075 DANVILLE CA                  11/24",-3.96,DEBIT_CARD,279.21,,
DEBIT,11/25/2024,"OPENAI *CHATGPT SUBS HTTPSOPENAI.C CA        11/23",-20.00,DEBIT_CARD,283.17,,
DEBIT,11/25/2024,"QWIK KORNER Orange CA                        11/21",-3.61,DEBIT_CARD,303.17,,
DEBIT,11/22/2024,"CHEVRON 0386237 TRACY CA                     11/22",-58.12,DEBIT_CARD,306.78,,
DEBIT,11/22/2024,"CHEVRON 0386237 TRACY CA                     11/22",-3.09,DEBIT_CARD,364.90,,
DEBIT,11/22/2024,"MCDONALD'S F16151 LEBEC CA                   11/21",-12.36,DEBIT_CARD,367.99,,
DEBIT,11/22/2024,"CHEVRON 0385822 GORMAN CA                    11/21",-70.69,DEBIT_CARD,380.35,,
DEBIT,11/22/2024,"GORMAN POST OIL GORMAN CA            203179  11/21",-2.49,DEBIT_CARD,451.04,,
DEBIT,11/22/2024,"CHICK-FIL-A #03756 SANTA ANA CA              11/20",-13.21,DEBIT_CARD,453.53,,
DEBIT,11/22/2024,"THE ISLAND GOLF CENTER ANAHEIM CA            11/20",-2.00,DEBIT_CARD,466.74,,
DEBIT,11/22/2024,"THE ISLANDS GOL ANAHEIM CA                   11/20",-15.35,DEBIT_CARD,468.74,,
DEBIT,11/21/2024,"CHIPOTLE ONLINE https://prod. CA             11/20",-11.21,DEBIT_CARD,484.09,,
DEBIT,11/20/2024,"HOOVE'S LIQUOR ORANGE CA             398228  11/20",-3.70,DEBIT_CARD,495.30,,
DEBIT,11/20/2024,"CU LIBRARY ORANGE CA                         11/19",-2.58,DEBIT_CARD,499.00,,
DEBIT,11/19/2024,"MEGA SMOKE N VAPE ORANGE CA          284573  11/19",-28.75,DEBIT_CARD,501.58,,
DEBIT,11/19/2024,"HOOVE'S LIQUOR ORANGE CA                     11/18",-3.70,DEBIT_CARD,530.33,,
DEBIT,11/19/2024,"CHIPOTLE ONLINE https://prod. CA             11/18",-0.54,DEBIT_CARD,534.03,,
DEBIT,11/18/2024,"WAZABI SUSHI - ORANG WWW.WAZABISUS CA        11/18",-59.12,DEBIT_CARD,534.57,,
DEBIT,11/18/2024,"MCK - LEO'S CATALINA D AVALON CA     328599  11/17",-4.25,DEBIT_CARD,593.69,,
DEBIT,11/18/2024,"MARLIN CLUB AVALON CA                        11/17",-14.00,DEBIT_CARD,597.94,,
DEBIT,11/18/2024,"MCK - LEO'S CATALINA D AVALON CA     197741  11/16",-9.48,DEBIT_CARD,611.94,,
DEBIT,11/18/2024,"VENMO  *Olivia Fine Visa Direct NY           11/15",-34.00,DEBIT_CARD,621.42,,
DEBIT,11/18/2024,"VENMO  *Quentin Gay-Be Visa Direct NY        11/15",-20.00,DEBIT_CARD,655.42,,
DEBIT,11/18/2024,"ALBERTSONS #3534 ORANGE CA                   11/15",-33.62,DEBIT_CARD,675.42,,
DEBIT,11/18/2024,"SQ *BLK DOT COFFEE Orange CA                 11/15",-12.88,DEBIT_CARD,709.04,,
DEBIT,11/18/2024,"SQ *BLK DOT COFFEE Orange CA                 11/15",-13.20,DEBIT_CARD,721.92,,
DEBIT,11/18/2024,"CHICK-FIL-A #04003 ORANGE CA                 11/14",-22.17,DEBIT_CARD,735.12,,
DEBIT,11/18/2024,"VENMO*CARTER ASHTON VISA DIRECT NY   311821  11/17",46.18,DEBIT_CARD,757.29,,
DEBIT,11/15/2024,"VENMO*CARTER ASHTON NEW YORK CITY NY 343962  11/15",102.18,DEBIT_CARD,711.11,,
CREDIT,11/14/2024,"Online Transfer from CHK ...1048 transaction#: 22713381135",112.00,ACCT_XFER,608.93,,
CREDIT,11/14/2024,"Online Transfer from CHK ...1048 transaction#: 22713149325",394.00,ACCT_XFER,496.93,,
DEBIT,11/13/2024,"HOOVE'S LIQUOR ORANGE CA             627102  11/13",-3.70,DEBIT_CARD,102.93,,
DEBIT,11/13/2024,"FH* CATALINA EXPRESS WWW.CATALINAE CA        11/13",-184.00,DEBIT_CARD,106.63,,
DEBIT,11/13/2024,"OC URGENT CARE ORANGE CA                     11/12",-50.00,DEBIT_CARD,290.63,,
DEBIT,11/12/2024,"PALM MARKET & DELI ORANGE CA                 11/11",-19.97,DEBIT_CARD,340.63,,
DEBIT,11/12/2024,"BRUSTERS REAL ICE CREAM ORANGE CA            11/10",-7.99,DEBIT_CARD,360.60,,
DEBIT,11/12/2024,"Crowded - Phi Gamma De Internet NY           11/11",-514.95,DEBIT_CARD,368.59,,
DEBIT,11/12/2024,"SQ *IMPACT JUICE BAR Orange CA               11/10",-14.00,DEBIT_CARD,883.54,,
DEBIT,11/12/2024,"QWIK KORNER Orange CA                        11/09",-4.58,DEBIT_CARD,897.54,,
DEBIT,11/12/2024,"VENMO  *Jacob McGowan Visa Direct NY         11/08",-55.00,DEBIT_CARD,902.12,,
DEBIT,11/12/2024,"ANAHEIM HILLS 60501 PS ANAHEIM CA            11/08",-35.00,DEBIT_CARD,957.12,,
CREDIT,11/12/2024,"Online Transfer from CHK ...9965 transaction#: 22679411087",500.00,ACCT_XFER,992.12,,
DEBIT,11/08/2024,"ANAHEIM HILLS 60501 PS ANAHEIM CA            11/07",-2.00,DEBIT_CARD,492.12,,
DEBIT,11/08/2024,"QWIK KORNER Orange CA                        11/06",-3.61,DEBIT_CARD,494.12,,
DEBIT,11/08/2024,"VENMO*CARTER ASHTON NEW YORK CITY NY 003284  11/09",82.53,DEBIT_CARD,497.73,,
DEBIT,11/07/2024,"MICHAELS STORES 8526 ORANGE CA       335590  11/07",-27.97,DEBIT_CARD,415.20,,
DEBIT,11/07/2024,"CADNICKS 76 ORANGE CA                780534  11/07",-63.06,DEBIT_CARD,443.17,,
DEBIT,11/07/2024,"Clockwork Cleaners ORANGE CA                 11/05",-14.94,DEBIT_CARD,506.23,,
DEBIT,11/06/2024,"MEGA SMOKE N VAPE ORANGE CA          025936  11/06",-28.75,DEBIT_CARD,521.17,,
DEBIT,11/06/2024,"VENMO  *Ryan McGowan Visa Direct NY          11/06",-396.00,DEBIT_CARD,549.92,,
DEBIT,11/06/2024,"ALBERTSONS #3534 ORANGE CA                   11/04",-198.53,DEBIT_CARD,945.92,,
DEBIT,11/05/2024,"QWIK KORNER Orange CA                        11/03",-4.38,DEBIT_CARD,1144.45,,
CREDIT,11/05/2024,"Online Transfer from CHK ...1048 transaction#: 22625016658",396.00,ACCT_XFER,1148.83,,
DEBIT,11/04/2024,"ANAHEIM HILLS 60501 PS ANAHEIM CA            11/03",-30.99,DEBIT_CARD,752.83,,
DEBIT,11/04/2024,"ANAHEIM HILLS 60501 RS ANAHEIM CA            11/03",-7.00,DEBIT_CARD,783.82,,
DEBIT,11/04/2024,"ANAHEIM HILLS 60501 PS ANAHEIM CA            11/03",-80.02,DEBIT_CARD,790.82,,
DEBIT,11/04/2024,"SoundCloud Monthly Go 347-9866607 CA         11/03",-10.99,DEBIT_CARD,870.84,,
DEBIT,11/04/2024,"CHIPOTLE ONLINE https://prod. CA             11/03",-0.54,DEBIT_CARD,881.83,,
DEBIT,11/04/2024,"QWIK KORNER Orange CA                        11/02",-4.58,DEBIT_CARD,882.37,,
DEBIT,11/04/2024,"VENMO  *wyatt furlow Visa Direct NY          11/03",-15.00,DEBIT_CARD,886.95,,
DEBIT,11/04/2024,"VENMO  *Ethan Goldberg Visa Direct NY        11/03",-5.00,DEBIT_CARD,901.95,,
DEBIT,11/04/2024,"WAZABI SUSHI - ORANG WWW.WAZABISUS CA        11/03",-47.97,DEBIT_CARD,906.95,,
DEBIT,11/04/2024,"UBR* PENDING.UBER.CO SAN FRANCISCO CA660963  11/02",-8.96,DEBIT_CARD,954.92,,
DEBIT,11/04/2024,"ANAHEIM HILLS 60501 PS ANAHEIM CA            11/01",-2.00,DEBIT_CARD,963.88,,
DEBIT,11/04/2024,"QWIK KORNER Orange CA                        11/01",-3.61,DEBIT_CARD,965.88,,
CREDIT,11/04/2024,"Online Transfer from CHK ...1048 transaction#: 22614232529",720.00,ACCT_XFER,969.49,,
DEBIT,11/01/2024,"CHIPOTLE 3983 ORANGE CA                      10/31",-6.47,DEBIT_CARD,249.49,,
DEBIT,11/01/2024,"REKINDLE COFFEE ORANGE CA                    10/31",-13.50,DEBIT_CARD,255.96,,
DEBIT,11/01/2024,"ANAHEIM HILLS 60501 PS ANAHEIM CA            10/31",-54.99,DEBIT_CARD,269.46,,
DEBIT,11/01/2024,"CHIPOTLE 1641 ORANGE CA                      10/31",-10.34,DEBIT_CARD,324.45,,
DEBIT,10/31/2024,"APPLE CASH SENT MONE 1INFINITELOOP CA        10/30",-30.00,DEBIT_CARD,334.79,,
CREDIT,10/31/2024,"Online Transfer from CHK ...9965 transaction#: 22556425389",250.00,ACCT_XFER,364.79,,
DEBIT,10/30/2024,"NNT HOOVE'S LIQUOR 002 ORANGE CA     098598  10/30",-3.70,DEBIT_CARD,114.79,,
DEBIT,10/30/2024,"VENMO  *Anderson Macdo Visa Direct NY        10/30",-37.50,DEBIT_CARD,118.49,,
DEBIT,10/29/2024,"CADNICKS 76 ORANGE CA                704787  10/29",-64.02,DEBIT_CARD,155.99,,
DEBIT,10/29/2024,"CADNICKS 76 ORANGE CA                705551  10/29",-3.28,DEBIT_CARD,220.01,,
DEBIT,10/29/2024,"VENMO  *Matthew Foley Visa Direct NY         10/29",-13.00,DEBIT_CARD,223.29,,
DEBIT,10/28/2024,"RANCHO SAN JOAQUIN 4110 IRVINE CA            10/27",-4.00,DEBIT_CARD,236.29,,
DEBIT,10/28/2024,"RANCHO SAN JOAQUIN 4110 IRVINE CA            10/27",-87.00,DEBIT_CARD,240.29,,
DEBIT,10/28/2024,"VENMO  *Charlie Reed Visa Direct NY          10/27",-7.00,DEBIT_CARD,327.29,,
DEBIT,10/28/2024,"PALM MARKET & DELI ORANGE CA                 10/26",-4.31,DEBIT_CARD,334.29,,
DEBIT,10/28/2024,"SUPER SPORTS GOLF & RE ORANGE CA     547910  10/26",-15.00,DEBIT_CARD,338.60,,
DEBIT,10/28/2024,"THE ISLANDS GOL ANAHEIM CA                   10/25",-15.35,DEBIT_CARD,353.60,,
DEBIT,10/25/2024,"THE ISLANDS GOL ANAHEIM CA                   10/23",-15.35,DEBIT_CARD,368.95,,
DEBIT,10/25/2024,"QWIK KORNER Orange CA                        10/23",-3.61,DEBIT_CARD,384.30,,
DEBIT,10/24/2024,"MEGA SMOKE N VAPE ORANGE CA          598730  10/24",-28.75,DEBIT_CARD,387.91,,
DEBIT,10/24/2024,"OPENAI *CHATGPT SUBS HTTPSOPENAI.C CA        10/23",-20.00,DEBIT_CARD,416.66,,
DEBIT,10/24/2024,"GLF*GolfNowReservation 844-8004653 FL        10/23",-8.00,DEBIT_CARD,436.66,,
DEBIT,10/24/2024,"QWIK KORNER Orange CA                        10/22",-3.61,DEBIT_CARD,444.66,,
DEBIT,10/22/2024,"VENMO  *Lilly Santora Visa Direct NY         10/22",-5.00,DEBIT_CARD,448.27,,
DEBIT,10/22/2024,"ALBERTSONS #3534 ORANGE CA                   10/21",-139.86,DEBIT_CARD,453.27,,
DEBIT,10/22/2024,"CHIPOTLE ONLINE https://prod. CA             10/21",-11.21,DEBIT_CARD,593.13,,
DEBIT,10/22/2024,"QWIK KORNER Orange CA                        10/20",-7.07,DEBIT_CARD,604.34,,
DEBIT,10/21/2024,"VENMO  *Charlie Reed Visa Direct NY          10/20",-13.50,DEBIT_CARD,611.41,,
DEBIT,10/21/2024,"SUPER SPORTS GOLF & RE ORANGE CA     161341  10/20",-24.00,DEBIT_CARD,624.91,,
DEBIT,10/21/2024,"VENMO  *Lilly Santora Visa Direct NY         10/19",-13.00,DEBIT_CARD,648.91,,
DEBIT,10/21/2024,"WAHOO'S FISH TACO-128 ORANGE CA              10/18",-30.49,DEBIT_CARD,661.91,,
DEBIT,10/21/2024,"QWIK KORNER Orange CA                        10/18",-3.61,DEBIT_CARD,692.40,,
DEBIT,10/21/2024,"CHIPOTLE ONLINE https://prod. CA             10/18",-14.82,DEBIT_CARD,696.01,,
DEBIT,10/21/2024,"VENMO*CARTER ASHTON NEW YORK CITY NY 473149  10/21",49.62,DEBIT_CARD,710.83,,
CREDIT,10/21/2024,"Online Transfer from CHK ...1048 transaction#: 22446842273",492.00,ACCT_XFER,661.21,,
DEBIT,10/18/2024,"UBR* PENDING.UBER.CO SAN FRANCISCO CA866365  10/18",-5.67,DEBIT_CARD,169.21,,
DEBIT,10/18/2024,"VENMO  *Anderson Macdo Visa Direct NY        10/18",-13.00,DEBIT_CARD,174.88,,
DEBIT,10/18/2024,"SUPER SPORTS GOLF & REC ORANGE CA            10/17",-12.00,DEBIT_CARD,187.88,,
DEBIT,10/18/2024,"THE ISLANDS GOL ANAHEIM CA                   10/16",-15.35,DEBIT_CARD,199.88,,
DEBIT,10/16/2024,"7-ELEVEN ORANGE CA                   123900  10/15",-3.74,DEBIT_CARD,215.23,,
DEBIT,10/16/2024,"SUPER SPORTS GOLF & REC ORANGE CA            10/15",-12.00,DEBIT_CARD,218.97,,
DEBIT,10/16/2024,"THE ISLANDS GOL ANAHEIM CA                   10/14",-15.35,DEBIT_CARD,230.97,,
DEBIT,10/15/2024,"ALBERTSONS #3534 ORANGE CA                   10/14",-78.16,DEBIT_CARD,246.32,,
DEBIT,10/15/2024,"TABASSI ENTERPRISES ORANGE CA        461300  10/14",-60.00,DEBIT_CARD,324.48,,
DEBIT,10/15/2024,"YOGURTLAND CA200 ORANGE CA                   10/13",-8.01,DEBIT_CARD,384.48,,
DEBIT,10/15/2024,"SQ *DONUT PLUS Orange CA                     10/13",-10.07,DEBIT_CARD,392.49,,
DEBIT,10/15/2024,"TST*CALI TACOS ORANGE Orange CA              10/13",-28.55,DEBIT_CARD,402.56,,
DEBIT,10/15/2024,"SQ *NEWPORT LEGACY Newport Beach CA          10/13",-24.72,DEBIT_CARD,431.11,,
DEBIT,10/15/2024,"QWIK KORNER Orange CA                        10/12",-9.36,DEBIT_CARD,455.83,,
DEBIT,10/15/2024,"SUPER SPORTS GOLF & RE ORANGE CA     265117  10/12",-12.00,DEBIT_CARD,465.19,,
DEBIT,10/15/2024,"QWIK KORNER Orange CA                        10/12",-4.58,DEBIT_CARD,477.19,,
DEBIT,10/15/2024,"IN-N-OUT ORANGE ORANGE CA                    10/11",-6.36,DEBIT_CARD,481.77,,
DEBIT,10/11/2024,"SUPER SPORTS GOLF & REC ORANGE CA            10/10",-12.00,DEBIT_CARD,488.13,,
DEBIT,10/09/2024,"SUPER SPORTS GOLF & RE ORANGE CA     943655  10/09",-12.00,DEBIT_CARD,500.13,,
DEBIT,10/08/2024,"ALBERTSONS #3534 ORANGE CA                   10/07",-148.38,DEBIT_CARD,512.13,,
DEBIT,10/07/2024,"TST*THE TACO STAND ORAN ORANGE CA            10/06",-12.51,DEBIT_CARD,660.51,,
DEBIT,10/07/2024,"IN-N-OUT ORANGE 3 ORANGE CA                  10/05",-6.36,DEBIT_CARD,673.02,,
DEBIT,10/07/2024,"QWIK KORNER Orange CA                        10/04",-5.24,DEBIT_CARD,679.38,,
DEBIT,10/07/2024,"QWIK KORNER Orange CA                        10/04",-5.19,DEBIT_CARD,684.62,,
DEBIT,10/07/2024,"SoundCloud Monthly Go 347-9866607 CA         10/04",-5.49,DEBIT_CARD,689.81,,
DEBIT,10/07/2024,"CORTINA`S ORANGE ORANGE CA                   10/04",-10.78,DEBIT_CARD,695.30,,
DEBIT,10/07/2024,"QWIK KORNER Orange CA                        10/04",-9.90,DEBIT_CARD,706.08,,
DEBIT,10/04/2024,"IN-N-OUT ANAHEIM ANAHEIM CA                  10/03",-35.40,DEBIT_CARD,715.98,,
DEBIT,10/04/2024,"GLF*GolfNowReservation 844-8004653 FL        10/03",-7.47,DEBIT_CARD,751.38,,
DEBIT,10/04/2024,"THE ISLANDS GOL ANAHEIM CA                   10/02",-15.35,DEBIT_CARD,758.85,,
DEBIT,10/02/2024,"THE ISLANDS GOL ANAHEIM CA                   09/30",-15.35,DEBIT_CARD,774.20,,
CREDIT,10/02/2024,"Online Transfer from CHK ...1048 transaction#: 22254975156",208.00,ACCT_XFER,789.55,,
DEBIT,10/01/2024,"CU LIBRARY ORANGE CA                         09/30",-2.95,DEBIT_CARD,581.55,,
DEBIT,09/30/2024,"WAZABI SUSHI - ORANG WWW.WAZABISUS CA        09/30",-49.82,DEBIT_CARD,584.50,,
DEBIT,09/30/2024,"CHEVRON 0096074 SYLMAR CA                    09/29",-56.47,DEBIT_CARD,634.32,,
DEBIT,09/30/2024,"CHEVRON 0096074 SYLMAR CA                    09/29",-4.98,DEBIT_CARD,690.79,,
DEBIT,09/30/2024,"ARCO#83466TODD ENERGY LOS BANOS CA   703859  09/29",-62.12,DEBIT_CARD,695.77,,
DEBIT,09/30/2024,"ARCO#83466TODD ENERGY LOS BANOS CA   306642  09/29",-6.83,DEBIT_CARD,757.89,,
DEBIT,09/30/2024,"TST* WEDGEWOOD HOSPI CASTRO VALLEY CA        09/29",-15.44,DEBIT_CARD,764.72,,
DEBIT,09/30/2024,"LS REDWOOD CANYON GOLF 713-7057617 CA        09/28",-4.00,DEBIT_CARD,780.16,,
DEBIT,09/30/2024,"GLF*RedwoodCanyonGolf 510-5378001 CA         09/28",-101.00,DEBIT_CARD,784.16,,
DEBIT,09/30/2024,"SQ *CANYON LAKES GOLF C San Ramon CA         09/27",-3.45,DEBIT_CARD,885.16,,
DEBIT,09/30/2024,"GLF*GolfNowReservation 844-8004653 FL        09/27",-5.00,DEBIT_CARD,888.61,,
CREDIT,09/30/2024,"Online Transfer from CHK ...1048 transaction#: 22224504143",480.00,ACCT_XFER,893.61,,
DEBIT,09/27/2024,"SANTA NELLA VALERO SANTA NELLA CA    141276  09/26",-60.08,DEBIT_CARD,413.61,,
DEBIT,09/27/2024,"Crowded - Phi Gamma De Internet NY           09/26",-64.37,DEBIT_CARD,473.69,,
DEBIT,09/27/2024,"SUPER SPORTS GOLF & REC ORANGE CA            09/26",-12.00,DEBIT_CARD,538.06,,
DEBIT,09/26/2024,"DBA SAN FERNANDO SYLMAR CA           797966  09/26",-62.57,DEBIT_CARD,550.06,,
DEBIT,09/26/2024,"MACMILLAN LEARNING 888-330-8477 NY           09/26",-55.99,DEBIT_CARD,612.63,,
DEBIT,09/26/2024,"THE ISLANDS GOL ANAHEIM CA                   09/24",-15.35,DEBIT_CARD,668.62,,
DEBIT,09/24/2024,"VENMO  *Lilly Santora Visa Direct NY         09/24",-5.00,DEBIT_CARD,683.97,,
DEBIT,09/24/2024,"ALBERTSONS #3534 ORANGE CA                   09/23",-76.55,DEBIT_CARD,688.97,,
DEBIT,09/24/2024,"OPENAI *CHATGPT SUBS HTTPSOPENAI.C CA        09/23",-20.00,DEBIT_CARD,765.52,,
CREDIT,09/24/2024,"Online Transfer from CHK ...1048 transaction#: 22160494386",609.00,ACCT_XFER,785.52,,
DEBIT,09/23/2024,"GLF*RIVER VIEW GOLF SANTA ANA CA             09/22",-125.86,DEBIT_CARD,176.52,,
DEBIT,09/23/2024,"UBR* PENDING.UBER.CO SAN FRANCISCO CA121254  09/22",-13.94,DEBIT_CARD,302.38,,
DEBIT,09/23/2024,"ROCK & BREWS TUSTIN TUSTIN CA                09/22",-13.85,DEBIT_CARD,316.32,,
DEBIT,09/23/2024,"ROCK & BREWS TUSTIN TUSTIN CA                09/21",-13.85,DEBIT_CARD,330.17,,
DEBIT,09/23/2024,"ROCK & BREWS TUSTIN TUSTIN CA                09/21",-27.71,DEBIT_CARD,344.02,,
DEBIT,09/23/2024,"GLF*GolfNowReservation 844-8004653 FL        09/22",-10.00,DEBIT_CARD,371.73,,
DEBIT,09/23/2024,"QWIK KORNER Orange CA                        09/19",-11.56,DEBIT_CARD,381.73,,
DEBIT,09/23/2024,"VENMO*CARTER ASHTON NEW YORK CITY NY 422955  09/22",71.73,DEBIT_CARD,393.29,,
DEBIT,09/20/2024,"SUPER SPORTS GOLF & RE ORANGE CA     932338  09/20",-12.00,DEBIT_CARD,321.56,,
DEBIT,09/20/2024,"SUPER SPORTS GOLF & REC ORANGE CA            09/19",-12.00,DEBIT_CARD,333.56,,
DEBIT,09/19/2024,"1ST GEN 1STGEN.COM FL                        09/19",-26.73,DEBIT_CARD,345.56,,
DEBIT,09/18/2024,"SUPER SPORTS GOLF & REC ORANGE CA            09/17",-12.00,DEBIT_CARD,372.29,,
DEBIT,09/17/2024,"ALBERTSONS #3534 ORANGE CA                   09/16",-147.99,DEBIT_CARD,384.29,,
DEBIT,09/17/2024,"CHAPMAN UNIV STARBUCKS ORANGE CA             09/16",-11.84,DEBIT_CARD,532.28,,
DEBIT,09/16/2024,"CADNICKS 76 ORANGE CA                755543  09/15",-65.84,DEBIT_CARD,544.12,,
DEBIT,09/16/2024,"CADNICKS 76 ORANGE CA                867301  09/15",-3.28,DEBIT_CARD,609.96,,
DEBIT,09/16/2024,"SQ *DONUT PLUS Orange CA                     09/15",-8.57,DEBIT_CARD,613.24,,
DEBIT,09/16/2024,"QWIK KORNER Orange CA                        09/13",-5.58,DEBIT_CARD,621.81,,
DEBIT,09/12/2024,"SUPER SPORTS GOLF & RE ORANGE CA     985078  09/12",-12.00,DEBIT_CARD,627.39,,
DEBIT,09/12/2024,"7-ELEVEN ORANGE CA                   708598  09/11",-2.79,DEBIT_CARD,639.39,,
DEBIT,09/12/2024,"QWIK KORNER Orange CA                        09/10",-6.10,DEBIT_CARD,642.18,,
DEBIT,09/12/2024,"Clockwork Cleaners ORANGE CA                 09/10",-16.74,DEBIT_CARD,648.28,,
DEBIT,09/11/2024,"SQ *TWOS COMPANY CAFE ORANGE CA              09/10",-18.95,DEBIT_CARD,665.02,,
CREDIT,09/10/2024,"Online Transfer from CHK ...9965 transaction#: 22013928092",15.00,ACCT_XFER,683.97,,
CREDIT,09/10/2024,"Online Transfer from CHK ...1048 transaction#: 22015187599",39.00,ACCT_XFER,668.97,,
CREDIT,09/10/2024,"Online Transfer from CHK ...1048 transaction#: 22015179264",588.00,ACCT_XFER,629.97,,
DEBIT,09/09/2024,"HOOVE'S LIQUOR ORANGE CA             176474  09/09",-3.70,DEBIT_CARD,41.97,,
DEBIT,09/09/2024,"ALBERTSONS #3534 ORANGE CA                   09/08",-111.45,DEBIT_CARD,45.67,,
DEBIT,09/09/2024,"GOLF ARCCOS 844-692-7226 CT                  09/08",-9.99,DEBIT_CARD,157.12,,
DEBIT,09/09/2024,"SQ *IMPACT JUICE BAR Orange CA               09/08",-13.50,DEBIT_CARD,167.11,,
DEBIT,09/09/2024,"QWIK KORNER Orange CA                        09/07",-15.33,DEBIT_CARD,180.61,,
DEBIT,09/09/2024,"SUPER SPORTS GOLF & RE ORANGE CA     996398  09/07",-12.00,DEBIT_CARD,195.94,,
DEBIT,09/09/2024,"CHAPMAN UNIV STARBUCKS ORANGE CA             09/07",-11.84,DEBIT_CARD,207.94,,
DEBIT,09/09/2024,"QWIK KORNER Orange CA                        09/07",-4.08,DEBIT_CARD,219.78,,
DEBIT,09/09/2024,"QWIK KORNER Orange CA                        09/06",-7.07,DEBIT_CARD,223.86,,
DEBIT,09/09/2024,"ZYBOOK COLLEGE TXTBO HTTPSWWW.ZYBO CA        09/07",-64.00,DEBIT_CARD,230.93,,
DEBIT,09/09/2024,"VENMO  *Danna Diaz Visa Direct NY            09/06",-18.00,DEBIT_CARD,294.93,,
DEBIT,09/09/2024,"VENMO  *Noah Kim Visa Direct NY              09/06",-11.00,DEBIT_CARD,312.93,,
DEBIT,09/09/2024,"VENMO  *Danna Diaz Visa Direct NY            09/06",-18.00,DEBIT_CARD,323.93,,
DEBIT,09/09/2024,"QWIK KORNER Orange CA                        09/06",-9.04,DEBIT_CARD,341.93,,
DEBIT,09/09/2024,"QWIK KORNER Orange CA                        09/05",-5.06,DEBIT_CARD,350.97,,
DEBIT,09/09/2024,"QWIK KORNER Orange CA                        09/05",-3.61,DEBIT_CARD,356.03,,
DEBIT,09/06/2024,"GLF*GolfNowReservation 844-8004653 FL        09/05",-5.00,DEBIT_CARD,359.64,,
DEBIT,09/06/2024,"QWIK KORNER Orange CA                        09/04",-3.61,DEBIT_CARD,364.64,,
DEBIT,09/05/2024,"SoundCloud Monthly Go 347-9866607 CA         09/04",-5.49,DEBIT_CARD,368.25,,
DEBIT,09/04/2024,"APPLE CASH SENT MONE 1INFINITELOOP CA        09/03",-25.00,DEBIT_CARD,373.74,,
DEBIT,09/03/2024,"VENMO  *Danna Diaz Visa Direct NY            09/01",-9.00,DEBIT_CARD,398.74,,
DEBIT,09/03/2024,"ALBERTSONS #3534 ORANGE CA                   09/01",-66.34,DEBIT_CARD,407.74,,
DEBIT,09/03/2024,"CHICK-FIL-A #02867 COSTA MESA CA             08/31",-13.13,DEBIT_CARD,474.08,,
DEBIT,09/03/2024,"SPACE DEVICE SAN DIEGO CA                    09/01",-10.00,DEBIT_CARD,487.21,,
DEBIT,09/03/2024,"TM *RAY AND PAUL 800-653-8000 CA             09/01",-25.50,DEBIT_CARD,497.21,,
DEBIT,09/03/2024,"SUPER SPORTS GOLF & REC ORANGE CA            08/31",-12.00,DEBIT_CARD,522.71,,
DEBIT,09/03/2024,"QWIK KORNER Orange CA                        08/31",-12.09,DEBIT_CARD,534.71,,
DEBIT,09/03/2024,"THE TOLL ROADS OF OC 949-727-4800 CA         08/31",-9.36,DEBIT_CARD,546.80,,
DEBIT,09/03/2024,"ALBERTSONS #3534 ORANGE CA                   08/30",-15.61,DEBIT_CARD,556.16,,
DEBIT,09/03/2024,"TST*BUDDHAS FAVORITE Newport Beach CA        08/30",-72.35,DEBIT_CARD,571.77,,
DEBIT,09/03/2024,"CHEVRON 0099944 SAN CLEMENTE CA              08/30",-66.92,DEBIT_CARD,644.12,,
DEBIT,09/03/2024,"VENMO  *Jennifer DeMor Visa Direct NY        08/30",-87.00,DEBIT_CARD,711.04,,
DEBIT,09/03/2024,"QWIK KORNER Orange CA                        08/30",-4.28,DEBIT_CARD,798.04,,
CREDIT,09/03/2024,"Online Transfer from CHK ...1048 transaction#: 21936980859",384.00,ACCT_XFER,802.32,,
DEBIT,08/30/2024,"ALBERTSONS #3534 ORANGE CA                   08/29",-10.40,DEBIT_CARD,418.32,,
DEBIT,08/30/2024,"ALBERTSONS #3534 ORANGE CA                   08/29",-37.14,DEBIT_CARD,428.72,,
DEBIT,08/28/2024,"ALBERTSONS #3534 ORANGE CA                   08/27",-68.22,DEBIT_CARD,465.86,,
DEBIT,08/28/2024,"QWIK KORNER Orange CA                        08/26",-6.09,DEBIT_CARD,534.08,,
DEBIT,08/27/2024,"TARGET T-3258 ORANGE CA              027271  08/27",-55.77,DEBIT_CARD,540.17,,
CREDIT,08/27/2024,"Online Transfer from CHK ...1048 transaction#: 21861069843",40.00,ACCT_XFER,595.94,,
DEBIT,08/26/2024,"Online Transfer to CHK ...1048 transaction#: 21849014278 08/26",-180.00,ACCT_XFER,555.94,,
DEBIT,08/26/2024,"Crowded - Phi Gamma De Internet NY           08/25",-1544.85,DEBIT_CARD,735.94,,
DEBIT,08/26/2024,"STARBUCKS STORE 05894 ORANGE CA              08/25",-18.20,DEBIT_CARD,2280.79,,
DEBIT,08/26/2024,"QWIK KORNER Orange CA                        08/24",-4.58,DEBIT_CARD,2298.99,,
DEBIT,08/26/2024,"SUPER SPORTS GOLF & REC ORANGE CA            08/24",-15.00,DEBIT_CARD,2303.57,,
DEBIT,08/26/2024,"CADNICKS 76 ORANGE CA                726411  08/23",-60.84,DEBIT_CARD,2318.57,,
DEBIT,08/26/2024,"TARGET        00032581 ORANGE CA             08/23",-16.15,DEBIT_CARD,2379.41,,
DEBIT,08/26/2024,"SQ *BLK DOT COFFEE Orange CA                 08/23",-5.95,DEBIT_CARD,2395.56,,
DEBIT,08/26/2024,"QWIK KORNER Orange CA                        08/22",-4.58,DEBIT_CARD,2401.51,,
CREDIT,08/26/2024,"Online Transfer from CHK ...1048 transaction#: 21848321218",682.00,ACCT_XFER,2406.09,,
CREDIT,08/26/2024,"Online Transfer from CHK ...9965 transaction#: 21840168967",1545.00,ACCT_XFER,1724.09,,
DEBIT,08/23/2024,"QWIK KORNER Orange CA                        08/21",-4.58,DEBIT_CARD,179.09,,
DEBIT,08/22/2024,"ALBERTSONS #3534 ORANGE CA                   08/21",-123.40,DEBIT_CARD,183.67,,
DEBIT,08/22/2024,"CHIPOTLE ONLINE https://prod. CA             08/21",-0.54,DEBIT_CARD,307.07,,
DEBIT,08/22/2024,"IN-N-OUT SDMISSIONVALL SAN DIEGO CA          08/20",-12.71,DEBIT_CARD,307.61,,
DEBIT,08/21/2024,"SQ *RIVERWALK GOLF CLUB San Diego CA         08/20",-3.50,DEBIT_CARD,320.32,,
DEBIT,08/21/2024,"GLF*RIVERWALKGOLFCLUB SAN DIEGO CA           08/20",-45.00,DEBIT_CARD,323.82,,
DEBIT,08/21/2024,"PETCO PARK CATERING/DI SAN DIEGO CA          08/19",-18.31,DEBIT_CARD,368.82,,
CREDIT,08/21/2024,"Online Transfer from CHK ...9965 transaction#: 21802316442",100.00,ACCT_XFER,387.13,,
DEBIT,08/20/2024,"WINDMILL FARMS SAN DIEGO CA          044583  08/20",-11.67,DEBIT_CARD,287.13,,
DEBIT,08/20/2024,"Clockwork Cleaners ORANGE CA                 08/18",-9.27,DEBIT_CARD,298.80,,
DEBIT,08/20/2024,"VENMO*CARTER ASHTON NEW YORK CITY NY 233527  08/20",68.04,DEBIT_CARD,308.07,,
DEBIT,08/19/2024,"Zelle payment to BEOM SHIN 21779762986",-1.00,QUICKPAY_DEBIT,240.03,,
DEBIT,08/19/2024,"SUPER SPORTS GOLF & RE ORANGE CA     556052  08/19",-12.00,DEBIT_CARD,241.03,,
DEBIT,08/19/2024,"CADNICKS 76 ORANGE CA                882787  08/19",-65.49,DEBIT_CARD,253.03,,
DEBIT,08/19/2024,"WAZABI SUSHI - ORANG WWW.WAZABISUS CA        08/19",-51.97,DEBIT_CARD,318.52,,
DEBIT,08/19/2024,"CHIPOTLE ONLINE https://prod. CA             08/18",-11.21,DEBIT_CARD,370.49,,
DEBIT,08/19/2024,"GLF*RiverwalkGolfClub 619-2964653 CA         08/18",-189.96,DEBIT_CARD,381.70,,
DEBIT,08/19/2024,"CHEVRON 0092316 FIREBAUGH CA                 08/17",-59.66,DEBIT_CARD,571.66,,
DEBIT,08/19/2024,"CHEVRON 0092316 FIREBAUGH CA                 08/17",-4.74,DEBIT_CARD,631.32,,
DEBIT,08/19/2024,"VENMO  *Morgan Yeung Visa Direct NY          08/17",-10.00,DEBIT_CARD,636.06,,
DEBIT,08/19/2024,"VENMO  *Matt Salerno Visa Direct NY          08/16",-329.99,DEBIT_CARD,646.06,,
DEBIT,08/19/2024,"VENMO*CARTER ASHTON NEW YORK CITY NY 211791  08/18",22.60,DEBIT_CARD,976.05,,
DEBIT,08/19/2024,"VENMO*CARTER ASHTON NEW YORK CITY NY 453038  08/18",46.67,DEBIT_CARD,953.45,,
CREDIT,08/19/2024,"Zelle payment from COLIN MULRY BACrhw2ubnin",47.50,PARTNERFI_TO_CHASE,906.78,,
CREDIT,08/19/2024,"Online Transfer from CHK ...9965 transaction#: 21773432968",100.00,ACCT_XFER,859.28,,
CREDIT,08/19/2024,"Online Transfer from CHK ...9965 transaction#: 21781182076",200.00,ACCT_XFER,759.28,,
DEBIT,08/16/2024,"VENMO  *Morgan Yeung Visa Direct NY          08/15",-23.00,DEBIT_CARD,559.28,,
CREDIT,08/16/2024,"Online Transfer from CHK ...9965 transaction#: 21755133876",300.00,ACCT_XFER,582.28,,
DEBIT,08/15/2024,"CHEVRON 0092075 DANVILLE CA                  08/15",-1.99,DEBIT_CARD,282.28,,
DEBIT,08/15/2024,"GLF*GolfNowReservation 844-8004653 FL        08/13",-4.98,DEBIT_CARD,284.27,,
CREDIT,08/15/2024,"Online Transfer from CHK ...1048 transaction#: 21735036294",214.00,ACCT_XFER,289.25,,
DEBIT,08/14/2024,"DD DOORDASH PIASKITCH 855-973-1040 CA        08/14",-45.46,DEBIT_CARD,75.25,,
DEBIT,08/14/2024,"Subway 21151 Lebec CA                        08/13",-11.77,DEBIT_CARD,120.71,,
DEBIT,08/14/2024,"THE ISLANDS GOL ANAHEIM CA                   08/12",-15.35,DEBIT_CARD,132.48,,
DEBIT,08/13/2024,"SPEEDWAY LEBEC CA                    858585  08/13",-31.31,DEBIT_CARD,147.83,,
DEBIT,08/13/2024,"TST*CALI TACOS ORANGE Orange CA              08/13",-27.80,DEBIT_CARD,179.14,,
DEBIT,08/13/2024,"VENMO  *Annabelle Rowe Visa Direct NY        08/12",-26.00,DEBIT_CARD,206.94,,
DEBIT,08/12/2024,"GREAT AM BAG 3 KSK ORD CHICAGO IL            08/11",-15.13,DEBIT_CARD,232.94,,
DEBIT,08/12/2024,"THE DUGOUT BAR CHICAGO IL                    08/10",-14.00,DEBIT_CARD,248.07,,
DEBIT,08/12/2024,"MCCORMICK MARKET CHICAGO IL                  08/10",-3.18,DEBIT_CARD,262.07,,
DEBIT,08/12/2024,"MCCORMICK MARKET CHICAGO IL                  08/09",-4.47,DEBIT_CARD,265.25,,
DEBIT,08/09/2024,"PORTILLOS HOT DOGS #43 CHICAGO IL            08/09",-8.48,DEBIT_CARD,269.72,,
DEBIT,08/09/2024,"PORTILLOS HOT DOGS #43 CHICAGO IL            08/09",-18.14,DEBIT_CARD,278.20,,
DEBIT,08/09/2024,"MANCHU WOK HK ORD CHICAGO IL                 08/08",-13.96,DEBIT_CARD,296.34,,
DEBIT,08/08/2024,"CADNICKS 76 ORANGE CA                810036  08/07",-63.40,DEBIT_CARD,310.30,,
DEBIT,08/07/2024,"IKEA ORANGE COUNTY RES COSTA MESA CA 963066  08/07",-5.27,DEBIT_CARD,373.70,,
DEBIT,08/07/2024,"CHIPOTLE ONLINE https://prod. CA             08/06",-11.74,DEBIT_CARD,378.97,,
CREDIT,08/07/2024,"VENMO            CASHOUT                    PPD ID: 5264681992",168.00,ACH_CREDIT,390.71,,
DEBIT,08/06/2024,"VENMO  *laurel hunter Visa Direct NY         08/06",-23.00,DEBIT_CARD,222.71,,
DEBIT,08/06/2024,"SoundCloud Monthly Go 347-9866607 CA         08/05",-5.49,DEBIT_CARD,245.71,,
DEBIT,08/06/2024,"SQ *TWOS COMPANY CAFE ORANGE CA              08/05",-19.98,DEBIT_CARD,251.20,,
DEBIT,08/06/2024,"EMLES RESTAURANT NORTHRIDGE CA               08/04",-20.79,DEBIT_CARD,271.18,,
DEBIT,08/05/2024,"UBER   *TRIP SAN FRANCISCO CA        245561  08/04",-77.46,DEBIT_CARD,291.97,,
DEBIT,08/05/2024,"FESTIVAL F* EVENTS 187-77343767 CA           08/05",-12.50,DEBIT_CARD,369.43,,
DEBIT,08/05/2024,"FESTIVAL B* BARS 187-77343767 CA             08/05",-8.25,DEBIT_CARD,381.93,,
DEBIT,08/05/2024,"FESTIVAL B* BARS 187-77343767 CA             08/05",-8.25,DEBIT_CARD,390.18,,
DEBIT,08/05/2024,"FESTIVAL B* BARS 187-77343767 CA             08/04",-5.50,DEBIT_CARD,398.43,,
DEBIT,08/05/2024,"PERRY`S LIQUOR & NORTHRIDGE CA       715057  08/04",-30.00,DEBIT_CARD,403.93,,
DEBIT,08/05/2024,"FESTIVAL F* EVENTS 187-77343767 CA           08/04",-20.00,DEBIT_CARD,433.93,,
DEBIT,08/05/2024,"FESTIVAL B* BARS 187-77343767 CA             08/04",-18.75,DEBIT_CARD,453.93,,
DEBIT,08/05/2024,"FESTIVAL F* EVENTS 187-77343767 CA           08/03",-18.75,DEBIT_CARD,472.68,,
DEBIT,08/05/2024,"Zelle payment to NICHOLAS PINA 21616069569",-13.00,QUICKPAY_DEBIT,491.43,,
DEBIT,08/05/2024,"ALBERTSONS #3534 ORANGE CA                   08/03",-6.73,DEBIT_CARD,504.43,,
DEBIT,08/05/2024,"QWIK KORNER Orange CA                        08/02",-5.57,DEBIT_CARD,511.16,,
DEBIT,08/05/2024,"TST*OJAI BURGER - ORANG Orange CA            08/03",-15.50,DEBIT_CARD,516.73,,
DEBIT,08/05/2024,"SQ *BLK DOT COFFEE Orange CA                 08/02",-5.95,DEBIT_CARD,532.23,,
CREDIT,08/05/2024,"Online Transfer from CHK ...1048 transaction#: 21619168870",173.00,ACCT_XFER,538.18,,
CREDIT,08/05/2024,"Online Transfer from CHK ...9965 transaction#: 21615802092",200.00,ACCT_XFER,365.18,,
DEBIT,08/01/2024,"CVS/PHARMACY #09725 ORANGE CA        049153  08/01",-43.60,DEBIT_CARD,165.18,,
DEBIT,08/01/2024,"SQ *TWOS COMPANY CAFE ORANGE CA              07/31",-19.86,DEBIT_CARD,208.78,,
DEBIT,08/01/2024,"QWIK KORNER Orange CA                        07/30",-12.75,DEBIT_CARD,228.64,,
DEBIT,07/31/2024,"Zelle payment to CHASE MEHLER 21575484709",-120.00,QUICKPAY_DEBIT,241.39,,
DEBIT,07/31/2024,"RAISING CANES 0390 SANTA ANA CA              07/30",-29.04,DEBIT_CARD,361.39,,
DEBIT,07/31/2024,"GLF*RIVER VIEW GOLF SANTA ANA CA             07/30",-13.00,DEBIT_CARD,390.43,,
DEBIT,07/31/2024,"GLF*RIVER VIEW GOLF SANTA ANA CA             07/30",-70.00,DEBIT_CARD,403.43,,
DEBIT,07/31/2024,"CHIPOTLE ONLINE https://prod. CA             07/30",-11.21,DEBIT_CARD,473.43,,
DEBIT,07/31/2024,"GLF*GolfNowReservation 844-8004653 FL        07/29",-4.98,DEBIT_CARD,484.64,,
DEBIT,07/30/2024,"TRADER JOE S #04 TRADE ORANGE CA     649973  07/30",-48.60,DEBIT_CARD,489.62,,
DEBIT,07/30/2024,"REGAL IRVINE 21  1010 IRVINE CA              07/29",-5.60,DEBIT_CARD,538.22,,
DEBIT,07/30/2024,"CHIPOTLE ONLINE https://prod. CA             07/29",-11.21,DEBIT_CARD,543.82,,
DEBIT,07/30/2024,"SQ *TWOS COMPANY CAFE ORANGE CA              07/29",-19.86,DEBIT_CARD,555.03,,
DEBIT,07/30/2024,"DD DOORDASH WALGREENS 855-973-1040 CA        07/29",-13.20,DEBIT_CARD,574.89,,
DEBIT,07/30/2024,"DD DOORDASH PURBOWLSA 855-973-1040 CA        07/29",-18.45,DEBIT_CARD,588.09,,
DEBIT,07/29/2024,"CVS/PHARMACY #09 09725 ORANGE CA     861376  07/29",-15.06,DEBIT_CARD,606.54,,
DEBIT,07/29/2024,"IN-N-OUT SANTA ANA 3 SANTA ANA CA            07/28",-16.82,DEBIT_CARD,621.60,,
DEBIT,07/29/2024,"ARCO #42852 AMPM LEBEC CA                    07/28",-53.64,DEBIT_CARD,638.42,,
DEBIT,07/29/2024,"CHEVRON 0301610 DUBLIN CA                    07/28",-59.38,DEBIT_CARD,692.06,,
DEBIT,07/29/2024,"7-ELEVEN DUBLIN CA                   730841  07/28",-3.35,DEBIT_CARD,751.44,,
DEBIT,07/29/2024,"IN-N-OUT SAN RAMON SAN RAMON CA              07/26",-10.66,DEBIT_CARD,754.79,,
DEBIT,07/29/2024,"LS CANYON LAKES GOLF C 925-7356511 CA        07/26",-36.00,DEBIT_CARD,765.45,,
DEBIT,07/29/2024,"DD DOORDASH PIASKITCH 855-973-1040 CA        07/26",-22.72,DEBIT_CARD,801.45,,
CREDIT,07/29/2024,"Online Transfer from CHK ...1048 transaction#: 21553889782",269.00,ACCT_XFER,824.17,,
CREDIT,07/29/2024,"Online Transfer from CHK ...9965 transaction#: 21546463463",300.00,ACCT_XFER,555.17,,
DEBIT,07/26/2024,"GLF*SANRAMONGOLF LAKE FOREST CA              07/25",-12.00,DEBIT_CARD,255.17,,
DEBIT,07/17/2024,"VENMO  *billy jaoua Visa Direct NY           07/17",-5.00,DEBIT_CARD,267.17,,
DEBIT,07/17/2024,"VENMO  *billy jaoua Visa Direct NY           07/17",-10.00,DEBIT_CARD,272.17,,
DEBIT,07/17/2024,"APPLE.COM/BILL 866-712-7753 CA               07/17",-9.99,DEBIT_CARD,282.17,,
DEBIT,07/15/2024,"GLF*GolfNowReservation 844-8004653 FL        07/14",-5.00,DEBIT_CARD,292.16,,
DEBIT,07/15/2024,"GLF*GolfNowReservation 844-8004653 FL        07/13",-5.00,DEBIT_CARD,297.16,,
DEBIT,07/15/2024,"VENMO  *billy jaoua Visa Direct NY           07/13",-5.00,DEBIT_CARD,302.16,,
DEBIT,07/15/2024,"VENMO  *billy jaoua Visa Direct NY           07/13",-10.00,DEBIT_CARD,307.16,,
DEBIT,07/15/2024,"IN-N-OUT SAN RAMON SAN RAMON CA              07/12",-10.66,DEBIT_CARD,317.16,,
DEBIT,07/15/2024,"LS CANYON LAKES GOLF C 925-7356511 CA        07/12",-2.00,DEBIT_CARD,327.82,,
DEBIT,07/15/2024,"LS CANYON LAKES GOLF C 925-7356511 CA        07/12",-36.00,DEBIT_CARD,329.82,,
CREDIT,07/15/2024,"VENMO            CASHOUT                    PPD ID: 5264681992",24.00,ACH_CREDIT,365.82,,
DEBIT,07/12/2024,"CVS/PHARMACY #09 09800 DANVILLE CA   737287  07/12",-9.99,DEBIT_CARD,341.82,,
DEBIT,07/12/2024,"GLF*GolfNowReservation 844-8004653 FL        07/11",-8.00,DEBIT_CARD,351.81,,
DEBIT,07/12/2024,"GLF*SANRAMONGOLF LAKE FOREST CA              07/11",-12.00,DEBIT_CARD,359.81,,
DEBIT,07/11/2024,"Zelle payment to NIKOLAI LUXTON 21378201107",-11.00,QUICKPAY_DEBIT,371.81,,
DEBIT,07/11/2024,"SQ *THE LAB GOLF INDOOR gosq.com CA          07/11",-50.00,DEBIT_CARD,382.81,,
CREDIT,07/11/2024,"Online Transfer from CHK ...1048 transaction#: 21376581052",50.00,ACCT_XFER,432.81,,
DEBIT,07/10/2024,"SAFEWAY #1211 DANVILLE CA                    07/09",-141.51,DEBIT_CARD,382.81,,
CREDIT,07/09/2024,"Online Transfer from CHK ...1048 transaction#: 21358151511",142.00,ACCT_XFER,524.32,,
DEBIT,07/08/2024,"SoundCloud Monthly Go 347-9866607 CA         07/06",-4.99,DEBIT_CARD,382.32,,
DEBIT,07/08/2024,"BOUQS.COM 8883202687 8883202687 CA           07/06",-85.64,DEBIT_CARD,387.31,,
DEBIT,07/08/2024,"TACO BELL 036123 AUBURN CA                   07/05",-16.06,DEBIT_CARD,472.95,,
DEBIT,07/05/2024,"SAFEWAY #1592 KINGS BEACH CA                 07/03",-11.98,DEBIT_CARD,489.01,,
DEBIT,07/03/2024,"Zelle payment to REFUGIO HINOJOZA 21299584949",-5.00,QUICKPAY_DEBIT,500.99,,
DEBIT,07/03/2024,"SAFEWAY #1592 KINGS BEACH CA                 07/02",-15.48,DEBIT_CARD,505.99,,
DEBIT,07/03/2024,"STARBUCKS STORE 20224 AUBURN CA              07/02",-11.70,DEBIT_CARD,521.47,,
DEBIT,07/03/2024,"SMOOTH LEAF TOBACCO SAN RAMON CA             07/01",-30.44,DEBIT_CARD,533.17,,
DEBIT,07/02/2024,"WALNUT CREEK KWI WALNUT CREEK CA     193096  07/02",-50.00,DEBIT_CARD,563.61,,
DEBIT,07/02/2024,"LS CANYON LAKES GOLF C 925-7356511 CA        07/01",-36.00,DEBIT_CARD,613.61,,
DEBIT,07/02/2024,"LS CANYON LAKES GOLF C 925-7356511 CA        07/01",-36.00,DEBIT_CARD,649.61,,
DEBIT,07/02/2024,"GLF*GolfNowReservation 844-8004653 FL        07/01",-3.00,DEBIT_CARD,685.61,,
DEBIT,07/02/2024,"GLF*GolfNowReservation 844-8004653 FL        07/01",-5.00,DEBIT_CARD,688.61,,
DEBIT,07/02/2024,"GLF*SANRAMONGOLF LAKE FOREST CA              06/30",-12.00,DEBIT_CARD,693.61,,
CREDIT,07/02/2024,"Zelle payment from WILLIAM JAOUA BACm09za4n3h",30.00,PARTNERFI_TO_CHASE,705.61,,
DEBIT,07/01/2024,"Online Transfer to CHK ...1048 transaction#: 21260116560 07/01",-539.00,ACCT_XFER,675.61,,
DEBIT,07/01/2024,"VENMO  *Anderson Macdo Visa Direct NY        06/30",-24.00,DEBIT_CARD,1214.61,,
DEBIT,07/01/2024,"LS REDWOOD CANYON GOLF 713-7057617 CA        06/28",-8.00,DEBIT_CARD,1238.61,,
DEBIT,07/01/2024,"SHELL OIL 57444673701 DANVILLE CA            06/28",-21.32,DEBIT_CARD,1246.61,,
DEBIT,07/01/2024,"GLF*RedwoodCanyonGolf 510-5378001 CA         06/28",-85.00,DEBIT_CARD,1267.93,,
CREDIT,07/01/2024,"VENMO            CASHOUT                    PPD ID: 5264681992",204.50,ACH_CREDIT,1352.93,,
DEBIT,07/01/2024,"PUBLIC STORAGE 22011 800-567-0759 CA         06/28",111.00,DEBIT_CARD,1148.43,,
DEBIT,06/28/2024,"WHOLEFDS RAM 101 100 S SAN RAMON CA  424741  06/28",-11.95,DEBIT_CARD,1037.43,,
DEBIT,06/28/2024,"VENMO  *Quentin Gay-Be Visa Direct NY        06/27",-358.00,DEBIT_CARD,1049.38,,
DEBIT,06/28/2024,"PUBLIC STORAGE 22011 800-567-0759 CA         06/27",19.50,DEBIT_CARD,1407.38,,
DEBIT,06/26/2024,"Zelle payment to JACK JPM99ajb1mxj",-75.00,CHASE_TO_PARTNERFI,1387.88,,
DEBIT,06/26/2024,"SAFEWAY #1211 DANVILLE CA                    06/25",-116.08,DEBIT_CARD,1462.88,,
CREDIT,06/26/2024,"Online Transfer from CHK ...1048 transaction#: 21216391986",495.00,ACCT_XFER,1578.96,,
CREDIT,06/26/2024,"Online Transfer from CHK ...1048 transaction#: 21216455439",800.00,ACCT_XFER,1083.96,,
DEBIT,06/25/2024,"SP HDWYG BY ACHIEVEY HOWDEEPWILLYO FL        06/25",-24.00,DEBIT_CARD,283.96,,
DEBIT,06/25/2024,"CHEVRON 0092075 DANVILLE CA                  06/24",-3.85,DEBIT_CARD,307.96,,
DEBIT,06/24/2024,"CHEVRON 0092075 DANVILLE CA                  06/23",-3.85,DEBIT_CARD,311.81,,
DEBIT,06/24/2024,"VENMO  *Nikolai Luxton Visa Direct NY        06/22",-13.00,DEBIT_CARD,315.66,,
DEBIT,06/24/2024,"CHIPOTLE ONLINE https://prod. CA             06/22",-11.91,DEBIT_CARD,328.66,,
DEBIT,06/24/2024,"SQ *BILL GRAHAM AMPH San Francisco CA        06/21",-13.04,DEBIT_CARD,340.57,,
DEBIT,06/24/2024,"Zelle payment to RAYMOND JPM99aj3sqm0",-70.00,CHASE_TO_PARTNERFI,353.61,,
DEBIT,06/21/2024,"CHEVRON 0092075 DANVILLE CA                  06/20",-3.85,DEBIT_CARD,423.61,,
DEBIT,06/20/2024,"DD DOORDASH PIASKITCH 855-973-1040 CA        06/20",-20.66,DEBIT_CARD,427.46,,
DEBIT,06/20/2024,"UBER   *TRIP SAN FRANCISCO CA        745604  06/19",-17.93,DEBIT_CARD,448.12,,
DEBIT,06/20/2024,"LS CANYON LAKES GOLF C 925-7356511 CA        06/18",-43.00,DEBIT_CARD,466.05,,
DEBIT,06/20/2024,"BAGEL STREET CAFE DANVILLE CA                06/18",-13.75,DEBIT_CARD,509.05,,
DEBIT,06/18/2024,"DD DOORDASH PIASKITCH 855-973-1040 CA        06/18",-20.66,DEBIT_CARD,522.80,,
DEBIT,06/18/2024,"CHEVRON 0092075 DANVILLE CA                  06/17",-3.85,DEBIT_CARD,543.46,,
DEBIT,06/18/2024,"SCHOOLYARD 805-5448600 CA                    06/16",-11.96,DEBIT_CARD,547.31,,
DEBIT,06/17/2024,"SWARAJ INDIA SAN RAMON CA                    06/16",-17.81,DEBIT_CARD,559.27,,
DEBIT,06/17/2024,"BOONS* SWARAJ INDIA S WWW.BOONS.IO CA        06/17",-20.72,DEBIT_CARD,577.08,,
DEBIT,06/17/2024,"CAL-COAST VENDORS SAN LUIS OBIS CA           06/16",-2.90,DEBIT_CARD,597.80,,
DEBIT,06/17/2024,"UBER   *TRIP SAN FRANCISCO CA        543386  06/16",-8.93,DEBIT_CARD,600.70,,
DEBIT,06/17/2024,"CHEVRON 0092075 DANVILLE CA                  06/14",-3.85,DEBIT_CARD,609.63,,
DEBIT,06/14/2024,"CHEVRON 0092075 DANVILLE CA                  06/13",-3.85,DEBIT_CARD,613.48,,
DEBIT,06/13/2024,"OPENAI *CHATGPT SUBS HTTPSOPENAI.C CA        06/13",-20.00,DEBIT_CARD,617.33,,
DEBIT,06/13/2024,"PUBLIC STORAGE 22011 800-567-0759 CA         06/12",-130.50,DEBIT_CARD,637.33,,
DEBIT,06/11/2024,"APPLE.COM/BILL 866-712-7753 CA               06/11",-3.99,DEBIT_CARD,767.83,,
DEBIT,06/11/2024,"CHEVRON 0092075 DANVILLE CA                  06/10",-3.85,DEBIT_CARD,771.82,,
DEBIT,06/10/2024,"LinkedIn Pre 964378778 855-6535653 CA        06/10",-20.00,DEBIT_CARD,775.67,,
DEBIT,06/10/2024,"CHEVRON 0092075 DANVILLE CA                  06/09",-3.85,DEBIT_CARD,795.67,,
DEBIT,06/10/2024,"VENMO  *Lilly Santora Visa Direct NY         06/09",-1.00,DEBIT_CARD,799.52,,
DEBIT,06/10/2024,"SHELL OIL 57444673701 DANVILLE CA            06/08",-4.48,DEBIT_CARD,800.52,,
DEBIT,06/10/2024,"SQ *THE LAB GOLF INDOOR gosq.com CA          06/08",-50.00,DEBIT_CARD,805.00,,
DEBIT,06/10/2024,"SHELL OIL 57444673701 DANVILLE CA            06/07",-13.57,DEBIT_CARD,855.00,,
DEBIT,06/10/2024,"MCDONALD'S F12306 DANVILLE CA                06/07",-4.99,DEBIT_CARD,868.57,,
DEBIT,06/07/2024,"SoundCloud Monthly Go 347-9866607 CA         06/06",-4.99,DEBIT_CARD,873.56,,
DEBIT,06/07/2024,"APPLE.COM/BILL 866-712-7753 CA               06/07",-6.99,DEBIT_CARD,878.55,,
DEBIT,06/05/2024,"CVS/PHARM 09296--3420 DANVILLE CA            06/05",-6.35,DEBIT_CARD,885.54,,
DEBIT,06/05/2024,"VENMO  *Dylan Lefranco Visa Direct NY        06/05",-16.00,DEBIT_CARD,891.89,,
CREDIT,06/05/2024,"Online Transfer from CHK ...1048 transaction#: 21003667255",256.00,ACCT_XFER,907.89,,
DEBIT,06/04/2024,"PUBLIC STORAGE 22011 800-567-0759 CA         06/03",-37.00,DEBIT_CARD,651.89,,
DEBIT,06/04/2024,"TILDEN PARK GOLF COURSE BERKELEY CA          06/02",10.00,DEBIT_CARD,688.89,,
DEBIT,06/03/2024,"TILDEN PARK GOLF COURSE BERKELEY CA          06/02",-51.00,DEBIT_CARD,678.89,,
DEBIT,06/03/2024,"SHELL OIL 57444673701 DANVILLE CA            06/02",-7.99,DEBIT_CARD,729.89,,
DEBIT,06/03/2024,"DOMINO'S 7773 DANVILLE CA                    06/01",-27.47,DEBIT_CARD,737.88,,
DEBIT,06/03/2024,"GLF*SANRAMONGOLF LAKE FOREST CA              06/01",-9.00,DEBIT_CARD,765.35,,
DEBIT,06/03/2024,"VENMO  *Dylan Lefranco Visa Direct NY        06/01",-11.00,DEBIT_CARD,774.35,,
DEBIT,06/03/2024,"VENMO  *Dylan Lefranco Visa Direct NY        06/01",-20.00,DEBIT_CARD,785.35,,
DEBIT,06/03/2024,"SHELL OIL 57444673701 DANVILLE CA            05/31",-64.74,DEBIT_CARD,805.35,,
DEBIT,06/03/2024,"SHELL OIL 57444673701 DANVILLE CA            05/31",-2.94,DEBIT_CARD,870.09,,
DEBIT,06/03/2024,"GLF*SANRAMONGOLF LAKE FOREST CA              05/31",-9.00,DEBIT_CARD,873.03,,
CREDIT,06/03/2024,"Zelle payment from WILLIAM JAOUA BACjgtc9jyfv",9.00,PARTNERFI_TO_CHASE,882.03,,
DEBIT,05/31/2024,"FSP*NORTHWOOD GOLF CLUB MONTE RIO CA         05/30",-65.00,DEBIT_CARD,873.03,,
DEBIT,05/31/2024,"CHEVRON 0092075 DANVILLE CA                  05/30",-73.48,DEBIT_CARD,938.03,,
DEBIT,05/29/2024,"LS CANYON LAKES GOLF C 925-7356511 CA        05/28",-43.00,DEBIT_CARD,1011.51,,
DEBIT,05/29/2024,"SHELL OIL 57444673701 DANVILLE CA            05/28",-6.48,DEBIT_CARD,1054.51,,
DEBIT,05/28/2024,"GLF*SANRAMONGOLF LAKE FOREST CA              05/27",-12.00,DEBIT_CARD,1060.99,,
DEBIT,05/28/2024,"ALAMO HDWE DANVILLE CA                       05/27",-27.18,DEBIT_CARD,1072.99,,
DEBIT,05/28/2024,"PEET'S #04602 DANVILLE CA                    05/27",-6.00,DEBIT_CARD,1100.17,,
DEBIT,05/28/2024,"SHELL OIL 57444673701 DANVILLE CA            05/25",-6.73,DEBIT_CARD,1106.17,,
DEBIT,05/28/2024,"VENMO  *Dylan Lefranco Visa Direct NY        05/25",-21.00,DEBIT_CARD,1112.90,,
DEBIT,05/28/2024,"VENMO  *Dylan Lefranco Visa Direct NY        05/25",-12.00,DEBIT_CARD,1133.90,,
DEBIT,05/28/2024,"TST* NORM'S PLACE DANVILLE CA                05/25",-26.62,DEBIT_CARD,1145.90,,
DEBIT,05/28/2024,"GLF*SANRAMONGOLF LAKE FOREST CA              05/24",-12.00,DEBIT_CARD,1172.52,,
CREDIT,05/28/2024,"Online Transfer from CHK ...1048 transaction#: 20909891987",28.00,ACCT_XFER,1184.52,,
CREDIT,05/28/2024,"Online Transfer from CHK ...9965 transaction#: 20902157464",200.00,ACCT_XFER,1156.52,,
CREDIT,05/28/2024,"Online Transfer from CHK ...1048 transaction#: 20903673294",825.00,ACCT_XFER,956.52,,
DEBIT,05/24/2024,"CHEVRON 0372849 SOLEDAD CA                   05/24",-72.12,DEBIT_CARD,131.52,,
DEBIT,05/24/2024,"SQ *TAQUERIA SANTA C San Luis Obis CA        05/24",-9.00,DEBIT_CARD,203.64,,
DEBIT,05/24/2024,"CHEVRON 0200209 CAMARILLO CA                 05/23",-7.55,DEBIT_CARD,212.64,,
DEBIT,05/24/2024,"CHEVRON 0200209 CAMARILLO CA                 05/23",-70.22,DEBIT_CARD,220.19,,
DEBIT,05/24/2024,"STARBUCKS 800-782-728 800-782-7282 WA        05/24",-25.00,DEBIT_CARD,290.41,,
DEBIT,05/23/2024,"CHIPOTLE 1641 ORANGE CA                      05/22",-10.88,DEBIT_CARD,315.41,,
DEBIT,05/23/2024,"CHEVRON 0208716 ORANGE CA                    05/22",-18.84,DEBIT_CARD,326.29,,
DEBIT,05/23/2024,"Subway 36378 Orange CA                       05/22",-17.03,DEBIT_CARD,345.13,,
DEBIT,05/23/2024,"PUBLIC STORAGE 22011 800-567-0759 CA         05/22",-161.54,DEBIT_CARD,362.16,,
DEBIT,05/23/2024,"THE ISLANDS GOL ANAHEIM CA                   05/21",-11.35,DEBIT_CARD,523.70,,
DEBIT,05/22/2024,"ORANGE CURRY ORANGE CA                       05/21",-14.27,DEBIT_CARD,535.05,,
DEBIT,05/22/2024,"CHIPOTLE ONLINE https://prod. CA             05/21",-11.21,DEBIT_CARD,549.32,,
DEBIT,05/22/2024,"QDI*QUEST DIAGNOSTICS 800-758-6047 CA        05/22",-58.23,DEBIT_CARD,560.53,,
DEBIT,05/22/2024,"THE ISLANDS GOL ANAHEIM CA                   05/20",-8.35,DEBIT_CARD,618.76,,
DEBIT,05/22/2024,"CONTRA COFFEE AND TEA L ORANGE CA            05/20",-6.00,DEBIT_CARD,627.11,,
CREDIT,05/22/2024,"Online Transfer from CHK ...9965 transaction#: 20857349316",300.00,ACCT_XFER,633.11,,
DEBIT,05/21/2024,"Online Transfer to CHK ...1048 transaction#: 20842130617 05/21",-800.00,ACCT_XFER,333.11,,
DEBIT,05/21/2024,"EDX.ORG WWW.EDX.ORG MD                       05/21",-69.30,DEBIT_CARD,1133.11,,
DEBIT,05/21/2024,"THEISLANDSGOLFCENTER. 180-09295737 CA        05/20",-11.35,DEBIT_CARD,1202.41,,
DEBIT,05/21/2024,"WOODYS DINER ORANGE CA                       05/19",-40.00,DEBIT_CARD,1213.76,,
DEBIT,05/20/2024,"CHEVRON 0208716 ORANGE CA                    05/19",-6.88,DEBIT_CARD,1253.76,,
DEBIT,05/20/2024,"American Ninja Warrior Santa Ana CA          05/20",-6.56,DEBIT_CARD,1260.64,,
DEBIT,05/20/2024,"NATURES JUICE ORANGE CA                      05/19",-11.55,DEBIT_CARD,1267.20,,
DEBIT,05/20/2024,"American Ninja Warrior Santa Ana CA          05/20",-67.61,DEBIT_CARD,1278.75,,
DEBIT,05/20/2024,"RAISING CANES 0211 ORANGE CA                 05/19",-27.29,DEBIT_CARD,1346.36,,
DEBIT,05/20/2024,"TST* WAZABI SUSHI - ORA Orange CA            05/18",-28.44,DEBIT_CARD,1373.65,,
DEBIT,05/20/2024,"FUJI GRILL WEST ORANGE ORANGE CA             05/17",-12.92,DEBIT_CARD,1402.09,,
CREDIT,05/20/2024,"Online Transfer from CHK ...1048 transaction#: 20819325720",800.00,ACCT_XFER,1415.01,,
DEBIT,05/17/2024,"TST* BRUXIE - ORANGE ORANGE CA               05/17",-16.16,DEBIT_CARD,615.01,,
DEBIT,05/17/2024,"CHIPOTLE 3983 ORANGE CA                      05/16",-14.38,DEBIT_CARD,631.17,,
DEBIT,05/17/2024,"APPLE CASH SENT MONE 1INFINITELOOP CA        05/16",-25.00,DEBIT_CARD,645.55,,
DEBIT,05/16/2024,"ALBERTSONS #3534 ORANGE CA                   05/15",-28.34,DEBIT_CARD,670.55,,
DEBIT,05/15/2024,"TRADER JOE S #04 TRADE ORANGE CA     232684  05/15",-39.46,DEBIT_CARD,698.89,,
DEBIT,05/15/2024,"SQ *TWOS COMPANY CAFE ORANGE CA              05/14",-39.72,DEBIT_CARD,738.35,,
DEBIT,05/15/2024,"APPLE CASH SENT MONE 1INFINITELOOP CA        05/14",-20.00,DEBIT_CARD,778.07,,
DEBIT,05/14/2024,"TARGET T- 2191 N TUSTI ORANGE CA             05/14",-158.98,DEBIT_CARD,798.07,,
DEBIT,05/14/2024,"STADIUM C-STORE ANAHEIM CA                   05/14",-60.00,DEBIT_CARD,957.05,,
DEBIT,05/14/2024,"CU LIBRARY ORANGE CA                         05/13",-5.42,DEBIT_CARD,1017.05,,
DEBIT,05/13/2024,"CVS/PHARMACY #09 09744 ORANGE CA     553326  05/13",-8.06,DEBIT_CARD,1022.47,,
DEBIT,05/13/2024,"CVS/PHARMACY #09 09744 ORANGE CA     022826  05/13",-31.32,DEBIT_CARD,1030.53,,
DEBIT,05/13/2024,"CHATGPT SUBSCRIPTION HTTPSOPENAI.C CA        05/13",-20.00,DEBIT_CARD,1061.85,,
DEBIT,05/13/2024,"VENMO  *Lilly Santora Visa Direct NY         05/12",-20.00,DEBIT_CARD,1081.85,,
DEBIT,05/13/2024,"TST* THE CHARLESTON FULLERTON CA             05/12",-12.93,DEBIT_CARD,1101.85,,
DEBIT,05/13/2024,"TST* THE CHARLESTON FULLERTON CA             05/12",-25.86,DEBIT_CARD,1114.78,,
DEBIT,05/13/2024,"TST* THE CHARLESTON FULLERTON CA             05/12",-16.17,DEBIT_CARD,1140.64,,
DEBIT,05/13/2024,"QWIK KORNER Orange CA                        05/11",-22.97,DEBIT_CARD,1156.81,,
DEBIT,05/13/2024,"UBER   *TRIP SAN FRANCISCO CA        621920  05/11",-7.95,DEBIT_CARD,1179.78,,
DEBIT,05/13/2024,"UBER   *TRIP SAN FRANCISCO CA        035122  05/11",-11.95,DEBIT_CARD,1187.73,,
DEBIT,05/13/2024,"URTH CAFFE ORANGE ORANGE CA                  05/11",-5.93,DEBIT_CARD,1199.68,,
DEBIT,05/13/2024,"ALEA CAFE ANAHEIM CA                         05/11",-15.60,DEBIT_CARD,1205.61,,
DEBIT,05/13/2024,"UBER   *TRIP SAN FRANCISCO CA        255552  05/11",-11.97,DEBIT_CARD,1221.21,,
CREDIT,05/13/2024,"Online Transfer from CHK ...1048 transaction#: 20768873070",435.00,ACCT_XFER,1233.18,,
DEBIT,05/10/2024,"ALBERTSONS #3534 ORANGE CA                   05/09",-23.48,DEBIT_CARD,798.18,,
DEBIT,05/10/2024,"VENMO  *Dylan Lefranco Visa Direct NY        05/09",-11.00,DEBIT_CARD,821.66,,
DEBIT,05/10/2024,"VENMO  *Chase Mehler Visa Direct NY          05/09",-20.00,DEBIT_CARD,832.66,,
DEBIT,05/10/2024,"ALBERTSONS #3534 ORANGE CA                   05/09",-68.51,DEBIT_CARD,852.66,,
DEBIT,05/09/2024,"CHIPOTLE ONLINE https://prod. CA             05/08",-11.21,DEBIT_CARD,921.17,,
DEBIT,05/08/2024,"VENMO  *Jack Shiebler Visa Direct NY         05/08",-245.67,DEBIT_CARD,932.38,,
DEBIT,05/08/2024,"SoundCloud Monthly Go 347-9866607 CA         05/07",-4.99,DEBIT_CARD,1178.05,,
DEBIT,05/08/2024,"CHIPOTLE 3983 ORANGE CA                      05/07",-11.21,DEBIT_CARD,1183.04,,
DEBIT,05/08/2024,"VENMO*CARTER ASHTON NEW YORK CITY NY 189436  05/08",245.63,DEBIT_CARD,1194.25,,
DEBIT,05/07/2024,"ALBERTSONS #3534 ORANGE CA                   05/06",-22.77,DEBIT_CARD,948.62,,
DEBIT,05/07/2024,"FGTHARDSUMMER 512-389-0315 TX                05/06",-229.30,DEBIT_CARD,971.39,,
DEBIT,05/06/2024,"BLUESTONE LANE - OLD TO ORANGE CA            05/05",-28.95,DEBIT_CARD,1200.69,,
DEBIT,05/06/2024,"STARBUCKS STORE 09873 APPLE VALLEY CA        05/05",-12.20,DEBIT_CARD,1229.64,,
DEBIT,05/06/2024,"VENMO  *Trent Hinely Visa Direct NY          05/05",-6.00,DEBIT_CARD,1241.84,,
DEBIT,05/06/2024,"VENMO  *Trent Hinely Visa Direct NY          05/05",-3.00,DEBIT_CARD,1247.84,,
DEBIT,05/06/2024,"VENMO  *Trent Hinely Visa Direct NY          05/05",-3.00,DEBIT_CARD,1250.84,,
DEBIT,05/06/2024,"SPIRIT OF TEXAS BBQ SAN BERNARDIN CA         05/04",-16.30,DEBIT_CARD,1253.84,,
DEBIT,05/06/2024,"VENMO  *Quentin Gay-Be Visa Direct NY        05/04",-5.00,DEBIT_CARD,1270.14,,
DEBIT,05/06/2024,"VENMO  *Matthew Cunnin Visa Direct NY        05/04",-15.00,DEBIT_CARD,1275.14,,
DEBIT,05/06/2024,"MCDONALD'S F10265 ANAHEIM CA                 05/04",-6.45,DEBIT_CARD,1290.14,,
DEBIT,05/06/2024,"VENMO  *Chase Mehler Visa Direct NY          05/04",-20.00,DEBIT_CARD,1296.59,,
DEBIT,05/06/2024,"7-ELEVEN ORANGE CA                           05/04",-11.46,DEBIT_CARD,1316.59,,
DEBIT,05/06/2024,"CHIPOTLE ONLINE https://prod. CA             05/03",-10.67,DEBIT_CARD,1328.05,,
DEBIT,05/06/2024,"CHEVRON 0208716 ORANGE CA                    05/03",-71.94,DEBIT_CARD,1338.72,,
DEBIT,05/03/2024,"SUPER SPORTS GOLF & REC ORANGE CA            05/02",-12.00,DEBIT_CARD,1410.66,,
DEBIT,05/03/2024,"SONIC SANDS HTTPSWWW.INST MN                 05/02",-41.69,DEBIT_CARD,1422.66,,
DEBIT,05/03/2024,"CIRCLE K # 06064 CORONA CA                   05/01",-7.18,DEBIT_CARD,1464.35,,
DEBIT,05/02/2024,"CHAPMAN UNIV ORANGE CA                       05/02",-30.17,DEBIT_CARD,1471.53,,
DEBIT,05/01/2024,"VENMO  *Nathan Howland Visa Direct NY        05/01",-10.00,DEBIT_CARD,1501.70,,
DEBIT,05/01/2024,"FUJI GRILL WEST ORANGE ORANGE CA             04/30",-12.92,DEBIT_CARD,1511.70,,
DEBIT,05/01/2024,"SQ *BLK DOT COFFEE Orange CA                 04/30",-6.20,DEBIT_CARD,1524.62,,
DEBIT,04/30/2024,"WITHDRAWAL 04/30",-6800.00,MISC_DEBIT,1530.82,,
DEBIT,04/30/2024,"JERSEY MIKES 20382 LOS ANGELES CA            04/28",-36.43,DEBIT_CARD,8330.82,,
CREDIT,04/30/2024,"VENMO            CASHOUT                    PPD ID: 5264681992",237.50,ACH_CREDIT,8367.25,,
CREDIT,04/30/2024,"Online Transfer from CHK ...1048 transaction#: 20618874422",816.00,ACCT_XFER,8129.75,,
DEBIT,04/29/2024,"VENMO  *Finbar OBrien Visa Direct NY         04/29",-13.99,DEBIT_CARD,7313.75,,
DEBIT,04/29/2024,"PTI*WHEELFUN RENTAL WWW.WHEELFUNR CA         04/28",-26.34,DEBIT_CARD,7327.74,,
DEBIT,04/29/2024,"ALBERTSONS #3534 ORANGE CA                   04/28",-32.30,DEBIT_CARD,7354.08,,
DEBIT,04/29/2024,"ALBERTSONS #353 ORANGE CA                    04/28",-3.23,DEBIT_CARD,7386.38,,
DEBIT,04/29/2024,"FLIP SHOP HTTPSFLIP.SHO CA                   04/28",-5.38,DEBIT_CARD,7389.61,,
DEBIT,04/29/2024,"VENMO  *Mitchell Perez Visa Direct NY        04/28",-41.33,DEBIT_CARD,7394.99,,
DEBIT,04/29/2024,"UBER   *TRIP SAN FRANCISCO CA        427857  04/27",-18.66,DEBIT_CARD,7436.32,,
DEBIT,04/29/2024,"UBER   *TRIP SAN FRANCISCO CA        725311  04/27",-7.92,DEBIT_CARD,7454.98,,
CREDIT,04/29/2024,"Zelle payment from ETHAN GOLDBERG 20601578708",715.00,QUICKPAY_CREDIT,7462.90,,
CREDIT,04/29/2024,"Zelle payment from MARILYN CONZONIRE BACr8pfc74a1",942.00,PARTNERFI_TO_CHASE,6747.90,,
CREDIT,04/29/2024,"ATM CASH DEPOSIT 04/27 102 N GLASSELL ST ORANGE CA",266.00,ATM,5805.90,,
DEBIT,04/26/2024,"VENMO  *Lilly Santora Visa Direct NY         04/26",-6.00,DEBIT_CARD,5539.90,,
DEBIT,04/26/2024,"VENMO  *Nikolai Luxton Visa Direct NY        04/26",-185.00,DEBIT_CARD,5545.90,,
DEBIT,04/26/2024,"PAYPAL *MILKNHERPES 3 402-935-7733 CA        04/26",-21.74,DEBIT_CARD,5730.90,,
DEBIT,04/26/2024,"STARBUCKS 800-782-728 800-782-7282 WA        04/25",-25.00,DEBIT_CARD,5752.64,,
CREDIT,04/26/2024,"Zelle payment from JAMIE E O'BRIEN 20587192864",792.00,QUICKPAY_CREDIT,5777.64,,
DEBIT,04/25/2024,"VENMO  *Dylan Lefranco Visa Direct NY        04/25",-7.00,DEBIT_CARD,4985.64,,
DEBIT,04/25/2024,"VENMO  *Dylan Lefranco Visa Direct NY        04/25",-22.00,DEBIT_CARD,4992.64,,
DEBIT,04/25/2024,"ALBERTSONS #3534 ORANGE CA                   04/24",-79.34,DEBIT_CARD,5014.64,,
DEBIT,04/25/2024,"CHEVRON 0208716 ORANGE CA                    04/24",-78.37,DEBIT_CARD,5093.98,,
DEBIT,04/25/2024,"CHIPOTLE 3983 ORANGE CA                      04/24",-11.21,DEBIT_CARD,5172.35,,
DEBIT,04/24/2024,"CVS/PHARMACY #09 09744 ORANGE CA     721132  04/23",-5.38,DEBIT_CARD,5183.56,,
DEBIT,04/24/2024,"CA DMV FEE 678-7315516 TN                    04/23",-0.88,DEBIT_CARD,5188.94,,
DEBIT,04/24/2024,"STATE OF CALIF DMV INT 800-7770133 CA        04/23",-45.00,DEBIT_CARD,5189.82,,
CREDIT,04/24/2024,"Zelle payment from DYLAN LEFRANCOIS BACn6dx0kp25",1117.00,PARTNERFI_TO_CHASE,5234.82,,
CREDIT,04/24/2024,"Zelle payment from HOWARD SHIEBLER 21I0ILUJLG84",1317.00,PARTNERFI_TO_CHASE,4117.82,,
DEBIT,04/23/2024,"HOOVE'S LIQUOR ORANGE CA                     04/22",-5.25,DEBIT_CARD,2800.82,,
DEBIT,04/23/2024,"CU LIBRARY ORANGE CA                         04/22",-2.58,DEBIT_CARD,2806.07,,
DEBIT,04/23/2024,"CHIPOTLE ONLINE https://prod. CA             04/22",-11.21,DEBIT_CARD,2808.65,,
DEBIT,04/22/2024,"MARRIOTT LAGUNA F&B DANA POINT CA            04/21",-31.98,DEBIT_CARD,2819.86,,
DEBIT,04/22/2024,"RAISING CANES 0211 ORANGE CA                 04/20",-13.85,DEBIT_CARD,2851.84,,
CREDIT,04/22/2024,"Zelle payment from Marie-blandine  Longin BBT229577482",1117.00,PARTNERFI_TO_CHASE,2865.69,,
DEBIT,04/19/2024,"CHEVRON 0093505 TUSTIN CA                    04/18",-71.84,DEBIT_CARD,1748.69,,
DEBIT,04/19/2024,"CHIPOTLE ONLINE https://prod. CA             04/18",-11.21,DEBIT_CARD,1820.53,,
DEBIT,04/19/2024,"CHICK-FIL-A #04003 ORANGE CA                 04/17",-30.32,DEBIT_CARD,1831.74,,
CREDIT,04/18/2024,"Online Transfer from CHK ...1048 transaction#: 20510013036",800.00,ACCT_XFER,1862.06,,
DEBIT,04/17/2024,"SQ *BLK DOT COFFEE Orange CA                 04/16",-6.20,DEBIT_CARD,1062.06,,
DEBIT,04/16/2024,"ALBERTSONS #3534 ORANGE CA                   04/15",-68.22,DEBIT_CARD,1068.26,,
DEBIT,04/15/2024,"TACO BELL #039613 ORANGE CA                  04/14",-18.07,DEBIT_CARD,1136.48,,
DEBIT,04/15/2024,"SQ *TWOS COMPANY CAFE ORANGE CA              04/14",-39.62,DEBIT_CARD,1154.55,,
DEBIT,04/15/2024,"CADNICKS 76 ORANGE CA                        04/13",-19.82,DEBIT_CARD,1194.17,,
DEBIT,04/15/2024,"APPLEBEES 2150048 ANAHEIM CA                 04/14",-88.04,DEBIT_CARD,1213.99,,
DEBIT,04/15/2024,"WAHOO'S FISH TACO-128 ORANGE CA              04/13",-18.64,DEBIT_CARD,1302.03,,
DEBIT,04/15/2024,"CHIPOTLE 3983 ORANGE CA                      04/13",-11.21,DEBIT_CARD,1320.67,,
DEBIT,04/15/2024,"CHATGPT SUBSCRIPTION HTTPSOPENAI.C CA        04/13",-20.00,DEBIT_CARD,1331.88,,
DEBIT,04/15/2024,"CHIPOTLE ONLINE https://prod. CA             04/12",-11.21,DEBIT_CARD,1351.88,,
DEBIT,04/15/2024,"CU LIBRARY ORANGE CA                         04/12",-2.58,DEBIT_CARD,1363.09,,
DEBIT,04/12/2024,"CHIPOTLE ONLINE https://prod. CA             04/11",-0.54,DEBIT_CARD,1365.67,,
DEBIT,04/11/2024,"HELLOFRESH 646-846-3663 NY                   04/11",-1.98,DEBIT_CARD,1366.21,,
DEBIT,04/11/2024,"HELLOFRESH 646-846-3663 NY                   04/11",-55.07,DEBIT_CARD,1368.19,,
DEBIT,04/11/2024,"24 HOUR FITNESS - 63 - ORANGE CA             04/10",-6.45,DEBIT_CARD,1423.26,,
DEBIT,04/10/2024,"SQ *DR. VAPOR OLD TOWNE Orange CA            04/09",-25.86,DEBIT_CARD,1429.71,,
DEBIT,04/10/2024,"CHIPOTLE 3983 ORANGE CA                      04/09",-14.33,DEBIT_CARD,1455.57,,
DEBIT,04/10/2024,"1123 ST JOSEPH PAVILLIO ORANGE CA            04/09",-3.00,DEBIT_CARD,1469.90,,
DEBIT,04/10/2024,"CHEVRON 0208716 ORANGE CA                    04/09",-74.93,DEBIT_CARD,1472.90,,
DEBIT,04/09/2024,"OC URGENT CARE ORANGE CA                     04/08",-50.00,DEBIT_CARD,1547.83,,
DEBIT,04/09/2024,"ALBERTSONS #3534 ORANGE CA                   04/08",-38.04,DEBIT_CARD,1597.83,,
CREDIT,04/09/2024,"Online Transfer from CHK ...1048 transaction#: 20411690028",1264.00,ACCT_XFER,1635.87,,
DEBIT,04/08/2024,"TST* WAZABI SUSHI - ORA Orange CA            04/07",-32.41,DEBIT_CARD,371.87,,
DEBIT,04/08/2024,"SoundCloud Monthly Go 347-9866607 CA         04/07",-4.99,DEBIT_CARD,404.28,,
DEBIT,04/08/2024,"BWW ORANGE 588 678-514-4100 CA               04/07",-20.00,DEBIT_CARD,409.27,,
DEBIT,04/08/2024,"POKEBOBA CORPORATION ANAHEIM CA              04/05",-19.96,DEBIT_CARD,429.27,,
DEBIT,04/08/2024,"STARBUCKS 800-782-728 800-782-7282 WA        04/06",-20.00,DEBIT_CARD,449.23,,
DEBIT,04/05/2024,"ALBERTSONS #3534 ORANGE CA                   04/04",-36.92,DEBIT_CARD,469.23,,
DEBIT,04/05/2024,"CU LIBRARY ORANGE CA                         04/04",-5.15,DEBIT_CARD,506.15,,
DEBIT,04/04/2024,"VENMO  *Dylan Lefranco Visa Direct NY        04/04",-18.00,DEBIT_CARD,511.30,,
DEBIT,04/03/2024,"CHIPOTLE 0596 ORANGE CA                      04/02",-11.21,DEBIT_CARD,529.30,,
DEBIT,04/03/2024,"Crowded - Phi Gamma De Internet NY           04/03",-514.95,DEBIT_CARD,540.51,,
DEBIT,04/03/2024,"SQ *TWOS COMPANY CAFE ORANGE CA              04/02",-3.00,DEBIT_CARD,1055.46,,
DEBIT,04/03/2024,"SQ *TWOS COMPANY CAFE ORANGE CA              04/02",-39.53,DEBIT_CARD,1058.46,,
DEBIT,04/02/2024,"ALBERTSONS #3534 ORANGE CA                   04/01",-69.90,DEBIT_CARD,1097.99,,
DEBIT,04/02/2024,"CHIPOTLE 3983 ORANGE CA                      04/01",-10.34,DEBIT_CARD,1167.89,,
DEBIT,04/01/2024,"DD DOORDASH PANDAEXPR 855-973-1040 CA        04/01",-11.89,DEBIT_CARD,1178.23,,
DEBIT,04/01/2024,"DD DOORDASH TWOSCOMPA 855-973-1040 CA        04/01",-38.51,DEBIT_CARD,1190.12,,
DEBIT,04/01/2024,"ALBERTSONS #3534 ORANGE CA                   03/30",-39.36,DEBIT_CARD,1228.63,,
DEBIT,04/01/2024,"TST* WAZABI SUSHI - ORA Orange CA            03/30",-34.90,DEBIT_CARD,1267.99,,
DEBIT,04/01/2024,"SQ *DR. VAPOR OLD TOWNE Orange CA            03/30",-25.86,DEBIT_CARD,1302.89,,
DEBIT,04/01/2024,"OAK ESSENTIALS SST OAKLAND CA                03/30",-10.53,DEBIT_CARD,1328.75,,
DEBIT,03/29/2024,"UBER   *TRIP San Francisco CA        551697  03/28",-28.67,DEBIT_CARD,1339.28,,
DEBIT,03/29/2024,"CU LIBRARY ORANGE CA                         03/28",-5.58,DEBIT_CARD,1367.95,,
DEBIT,03/29/2024,"CHIPOTLE 0596 ORANGE CA                      03/28",-10.61,DEBIT_CARD,1373.53,,
DEBIT,03/28/2024,"Carls Jr 1986 SANTA ANA CA           482135  03/28",-19.05,DEBIT_CARD,1384.14,,
DEBIT,03/28/2024,"IN-N-OUT ORANGE ORANGE CA                    03/28",-9.64,DEBIT_CARD,1403.19,,
DEBIT,03/28/2024,"RAISING CANES 0625 GARDEN GROVE CA           03/27",-13.71,DEBIT_CARD,1412.83,,
DEBIT,03/28/2024,"CHEVRON 0208716 ORANGE CA                    03/27",-68.27,DEBIT_CARD,1426.54,,
DEBIT,03/28/2024,"SQ *GREEK COMPOSITES BY Orange CA            03/27",-80.44,DEBIT_CARD,1494.81,,
DEBIT,03/28/2024,"CHIPOTLE ONLINE https://prod. CA             03/27",-13.74,DEBIT_CARD,1575.25,,
DEBIT,03/27/2024,"CVS/PHARMACY #09 09744 Orange CA     553582  03/27",-31.63,DEBIT_CARD,1588.99,,
DEBIT,03/27/2024,"WITHDRAWAL 03/27",-6800.00,MISC_DEBIT,1620.62,,
DEBIT,03/27/2024,"IN-N-OUT ORANGE 2 ORANGE CA                  03/27",-14.38,DEBIT_CARD,8420.62,,
DEBIT,03/27/2024,"CHIPOTLE ONLINE https://prod. CA             03/26",-13.20,DEBIT_CARD,8435.00,,
DEBIT,03/26/2024,"WWW.RESUMEBUILDER.CO HTTPSWWW.RESU WA        03/25",-2.95,DEBIT_CARD,8448.20,,
DEBIT,03/26/2024,"WOODYS DINER ORANGE CA                       03/24",-44.00,DEBIT_CARD,8451.15,,
CREDIT,03/26/2024,"Zelle payment from HOWARD SHIEBLER 21I01WZZ0Q3Z",1317.00,PARTNERFI_TO_CHASE,8495.15,,
DEBIT,03/25/2024,"VENMO  *FijiBePositive Visa Direct NY        03/25",-18.00,DEBIT_CARD,7178.15,,
DEBIT,03/25/2024,"VENMO  *Dylan Lefranco Visa Direct NY        03/25",-23.00,DEBIT_CARD,7196.15,,
DEBIT,03/25/2024,"CVS/PHARMACY #09 09744 Orange CA     722911  03/24",-37.80,DEBIT_CARD,7219.15,,
DEBIT,03/25/2024,"SQ *DR. VAPOR OLD TOWNE Orange CA            03/23",-25.86,DEBIT_CARD,7256.95,,
DEBIT,03/25/2024,"CHIPOTLE ONLINE https://prod. CA             03/23",-14.01,DEBIT_CARD,7282.81,,
DEBIT,03/25/2024,"ONSITE NEWS - S7 BALTIMORE MD                03/22",-9.52,DEBIT_CARD,7296.82,,
DEBIT,03/25/2024,"SUNDECK OF ANNAPOLIS ANNAPOLIS MD            03/22",-24.00,DEBIT_CARD,7306.34,,
DEBIT,03/25/2024,"STARBUCKS STORE 28758 ANNAPOLIS MD           03/22",-20.57,DEBIT_CARD,7330.34,,
CREDIT,03/25/2024,"Zelle payment from ETHAN GOLDBERG 20245658392",715.00,QUICKPAY_CREDIT,7350.91,,
CREDIT,03/25/2024,"Zelle payment from JAMIE E O'BRIEN 20248184401",792.00,QUICKPAY_CREDIT,6635.91,,
CREDIT,03/25/2024,"Zelle payment from MARILYN CONZONIRE BACl6kwmh53a",942.00,PARTNERFI_TO_CHASE,5843.91,,
CREDIT,03/25/2024,"Online Transfer from CHK ...1048 transaction#: 20256066795",1108.00,ACCT_XFER,4901.91,,
CREDIT,03/25/2024,"Zelle payment from DYLAN LEFRANCOIS BACwx98l7krg",1117.00,PARTNERFI_TO_CHASE,3793.91,,
DEBIT,03/22/2024,"STARBUCKS STORE 28758 ANNAPOLIS MD           03/21",-26.19,DEBIT_CARD,2676.91,,
CREDIT,03/22/2024,"Zelle payment from Marie-blandine  Longin BBT224241489",1117.00,PARTNERFI_TO_CHASE,2703.10,,
DEBIT,03/21/2024,"TACO BELL 039987 ANNAPOLIS MD                03/20",-29.83,DEBIT_CARD,1586.10,,
DEBIT,03/21/2024,"FANDANGO FANDANGO.COM CA                     03/20",-35.02,DEBIT_CARD,1615.93,,
DEBIT,03/21/2024,"TST* MARKET HOUSE - ANN ANNAPOLIS MD         03/20",-70.60,DEBIT_CARD,1650.95,,
DEBIT,03/21/2024,"PARKMOBILE 770-818-9036 GA                   03/21",-6.45,DEBIT_CARD,1721.55,,
DEBIT,03/21/2024,"STARBUCKS STORE 28758 ANNAPOLIS MD           03/20",-11.98,DEBIT_CARD,1728.00,,
CREDIT,03/21/2024,"Online Transfer from CHK ...1048 transaction#: 20222628972",800.00,ACCT_XFER,1739.98,,
DEBIT,03/20/2024,"PLAYA BOWLS - ANNAPOLIS ANNAPOLIS MD         03/19",-32.61,DEBIT_CARD,939.98,,
DEBIT,03/20/2024,"SUNDECK OF ANNAPOLIS ANNAPOLIS MD            03/19",-24.00,DEBIT_CARD,972.59,,
DEBIT,03/20/2024,"STARBUCKS STORE 28758 ANNAPOLIS MD           03/19",-15.43,DEBIT_CARD,996.59,,
DEBIT,03/19/2024,"VENMO  *Dylan Lefranco Visa Direct NY        03/19",-24.00,DEBIT_CARD,1012.02,,
DEBIT,03/19/2024,"THE NEW STAND ST2836 WESTCHESTER CA          03/18",-16.08,DEBIT_CARD,1036.02,,
DEBIT,03/19/2024,"SQ *TWOS COMPANY CAFE Orange CA              03/18",-3.57,DEBIT_CARD,1052.10,,
DEBIT,03/19/2024,"DD DOORDASH TWOSCOMPA 855-973-1040 CA        03/19",-14.49,DEBIT_CARD,1055.67,,
DEBIT,03/19/2024,"VENMO*Carter Ashton NEW YORK CITY NY 522460  03/19",839.77,DEBIT_CARD,1070.16,,
DEBIT,03/18/2024,"CHIPOTLE 3983 ORANGE CA                      03/17",-9.81,DEBIT_CARD,230.39,,
DEBIT,03/18/2024,"PACWEST GOLETA SANTA BARBARA CA              03/17",-7.09,DEBIT_CARD,240.20,,
DEBIT,03/18/2024,"PACWEST GOLETA SANTA BARBARA CA              03/17",-67.33,DEBIT_CARD,247.29,,
DEBIT,03/18/2024,"FIRESTONE GRILL SLO SAN LUIS OBIS CA         03/16",-54.74,DEBIT_CARD,314.62,,
DEBIT,03/18/2024,"CHEVRON 0093005 CARPINTERIA CA               03/15",-3.69,DEBIT_CARD,369.36,,
DEBIT,03/18/2024,"CHEVRON 0093005 CARPINTERIA CA               03/15",-65.94,DEBIT_CARD,373.05,,
DEBIT,03/18/2024,"QWIK KORNER Orange CA                        03/15",-2.58,DEBIT_CARD,438.99,,
DEBIT,03/18/2024,"STARBUCKS STORE 14020 ORANGE CA              03/15",-12.20,DEBIT_CARD,441.57,,
CREDIT,03/18/2024,"Zelle payment from CHARLES EDWIN CARTER III 20186301168",54.74,QUICKPAY_CREDIT,453.77,,
DEBIT,03/15/2024,"SAMS DONUT SANTA ANA CA              421455  03/15",-7.05,DEBIT_CARD,399.03,,
DEBIT,03/13/2024,"OPENAI HTTPSOPENAI.C CA                      03/13",-5.00,DEBIT_CARD,406.08,,
DEBIT,03/13/2024,"CHATGPT SUBSCRIPTION HTTPSOPENAI.C CA        03/13",-20.00,DEBIT_CARD,411.08,,
DEBIT,03/13/2024,"CHIPOTLE ONLINE https://prod. CA             03/12",-13.47,DEBIT_CARD,431.08,,
DEBIT,03/13/2024,"SQ *DR. VAPOR OLD TOWNE Orange CA            03/12",-25.86,DEBIT_CARD,444.55,,
DEBIT,03/13/2024,"CHIPOTLE 3983 ORANGE CA                      03/12",-9.81,DEBIT_CARD,470.41,,
DEBIT,03/12/2024,"CU LIBRARY ORANGE CA                         03/11",-2.58,DEBIT_CARD,480.22,,
DEBIT,03/12/2024,"ALBERTSONS #3534 ORANGE CA                   03/11",-101.87,DEBIT_CARD,482.80,,
DEBIT,03/11/2024,"IN-N-OUT ANAHEIM ANAHEIM CA                  03/10",-34.05,DEBIT_CARD,584.67,,
DEBIT,03/11/2024,"CHEVRON 0208716 ORANGE CA                    03/10",-67.72,DEBIT_CARD,618.72,,
DEBIT,03/11/2024,"CVS/PHARM 09749--2138 Orange CA              03/10",-69.51,DEBIT_CARD,686.44,,
DEBIT,03/11/2024,"CHIPOTLE ONLINE https://prod. CA             03/10",-10.07,DEBIT_CARD,755.95,,
DEBIT,03/11/2024,"CHIPOTLE 0596 ORANGE CA                      03/09",-10.07,DEBIT_CARD,766.02,,
DEBIT,03/11/2024,"STARBUCKS STORE 1183 MISSION VIEJO CA        03/09",-34.00,DEBIT_CARD,776.09,,
DEBIT,03/11/2024,"SQ *GOODS AND GOATS Mission Viejo CA         03/09",-15.00,DEBIT_CARD,810.09,,
DEBIT,03/11/2024,"WAZABI SUSHI - ORANG WWW.WAZABISUS CA        03/09",-53.10,DEBIT_CARD,825.09,,
DEBIT,03/11/2024,"CHIPOTLE 3983 ORANGE CA                      03/08",-9.81,DEBIT_CARD,878.19,,
DEBIT,03/11/2024,"SoundCloud Monthly Go 347-9866607 CA         03/08",-4.99,DEBIT_CARD,888.00,,
DEBIT,03/11/2024,"STARBUCKS 800-782-728 800-782-7282 WA        03/09",-25.00,DEBIT_CARD,892.99,,
DEBIT,03/08/2024,"CHIPOTLE 3983 ORANGE CA                      03/07",-9.81,DEBIT_CARD,917.99,,
DEBIT,03/07/2024,"CVS/PHARMACY #10 10225 ANAHEIM CA    721644  03/07",-32.56,DEBIT_CARD,927.80,,
DEBIT,03/07/2024,"IN-N-OUT ORANGE 2 ORANGE CA                  03/07",-12.61,DEBIT_CARD,960.36,,
DEBIT,03/07/2024,"CHIPOTLE 3983 ORANGE CA                      03/06",-9.81,DEBIT_CARD,972.97,,
DEBIT,03/06/2024,"IN-N-OUT ANAHEIM ANAHEIM CA                  03/06",-22.68,DEBIT_CARD,982.78,,
DEBIT,03/06/2024,"CHIPOTLE 3983 ORANGE CA                      03/05",-9.81,DEBIT_CARD,1005.46,,
DEBIT,03/05/2024,"goodsandgoatsmarket San juan Capi CA         03/05",-40.00,DEBIT_CARD,1015.27,,
DEBIT,03/05/2024,"CU LIBRARY ORANGE CA                         03/04",-2.58,DEBIT_CARD,1055.27,,
DEBIT,03/05/2024,"CHIPOTLE 3983 ORANGE CA                      03/04",-9.81,DEBIT_CARD,1057.85,,
DEBIT,03/05/2024,"VENMO  *Dylan Lefranco Visa Direct NY        03/04",-19.00,DEBIT_CARD,1067.66,,
DEBIT,03/04/2024,"CHIPOTLE ONLINE https://prod. CA             03/03",-9.81,DEBIT_CARD,1086.66,,
DEBIT,03/04/2024,"IN-N-OUT ANAHEIM ANAHEIM CA                  03/03",-16.11,DEBIT_CARD,1096.47,,
DEBIT,03/04/2024,"ALBERTSONS #3534 ORANGE CA                   03/02",-52.58,DEBIT_CARD,1112.58,,
DEBIT,03/04/2024,"CHEVRON 0208716 ORANGE CA                    03/02",-67.91,DEBIT_CARD,1165.16,,
DEBIT,03/04/2024,"CHIPOTLE ONLINE https://prod. CA             03/02",-10.07,DEBIT_CARD,1233.07,,
DEBIT,03/04/2024,"CHIPOTLE 2062 ANAHEIM CA                     03/01",-10.07,DEBIT_CARD,1243.14,,
DEBIT,03/04/2024,"JOES ITALIAN ICE ANAHEIM CA                  02/29",-8.36,DEBIT_CARD,1253.21,,
DEBIT,03/01/2024,"CVS/PHARMACY #09 09749 Orange CA     216983  03/01",-35.99,DEBIT_CARD,1261.57,,
DEBIT,03/01/2024,"TRADER JOE S #04 TRADE ORANGE CA     659018  03/01",-41.62,DEBIT_CARD,1297.56,,
DEBIT,03/01/2024,"SQ *TWOS COMPANY CAFE ORANGE CA              02/29",-39.08,DEBIT_CARD,1339.18,,
DEBIT,03/01/2024,"Zelle payment to JESSY 20028050457",-20.00,QUICKPAY_DEBIT,1378.26,,
DEBIT,02/29/2024,"CHIPOTLE 3983 ORANGE CA                      02/28",-9.81,DEBIT_CARD,1398.26,,
DEBIT,02/28/2024,"WITHDRAWAL 02/28",-6800.00,MISC_DEBIT,1408.07,,
DEBIT,02/27/2024,"CU LIBRARY ORANGE CA                         02/26",-2.58,DEBIT_CARD,8208.07,,
DEBIT,02/27/2024,"ALBERTSONS #3534 ORANGE CA                   02/26",-79.65,DEBIT_CARD,8210.65,,
CREDIT,02/27/2024,"Zelle payment from ETHAN GOLDBERG 19990929430",715.00,QUICKPAY_CREDIT,8290.30,,
CREDIT,02/27/2024,"Zelle payment from MARILYN CONZONIRE BACmeh8jjvbf",942.00,PARTNERFI_TO_CHASE,7575.30,,
DEBIT,02/26/2024,"ALBERTSONS #3534 ORANGE CA                   02/23",-52.06,DEBIT_CARD,6633.30,,
DEBIT,02/26/2024,"STARBUCKS 800-782-728 800-782-7282 WA        02/23",-20.00,DEBIT_CARD,6685.36,,
CREDIT,02/26/2024,"Online Transfer from CHK ...1048 transaction#: 19974349902",558.00,ACCT_XFER,6705.36,,
CREDIT,02/26/2024,"Zelle payment from DYLAN LEFRANCOIS BACwq8ekcay4",1117.00,PARTNERFI_TO_CHASE,6147.36,,
CREDIT,02/26/2024,"Zelle payment from HOWARD SHIEBLER 21I01W6FPB5P",1317.00,PARTNERFI_TO_CHASE,5030.36,,
CREDIT,02/23/2024,"Zelle payment from JAMIE E O'BRIEN 19956592157",792.00,QUICKPAY_CREDIT,3713.36,,
CREDIT,02/23/2024,"Zelle payment from Marie-blandine  Longin BBT219274622",1117.00,PARTNERFI_TO_CHASE,2921.36,,
DEBIT,02/22/2024,"ALBERTSONS #3534 ORANGE CA                   02/21",-104.89,DEBIT_CARD,1804.36,,
DEBIT,02/22/2024,"IN-N-OUT ANAHEIM ANAHEIM CA                  02/21",-22.68,DEBIT_CARD,1909.25,,
DEBIT,02/22/2024,"CHIPOTLE 0596 ORANGE CA                      02/21",-10.07,DEBIT_CARD,1931.93,,
DEBIT,02/21/2024,"DD DOORDASH DAVESHOTC 855-973-1040 CA        02/21",-18.29,DEBIT_CARD,1942.00,,
DEBIT,02/21/2024,"CHIPOTLE 0596 ORANGE CA                      02/20",-10.07,DEBIT_CARD,1960.29,,
DEBIT,02/21/2024,"CHEVRON 0208716 ORANGE CA                    02/20",-66.62,DEBIT_CARD,1970.36,,
DEBIT,02/20/2024,"VENMO  *Dylan Lefranco Visa Direct NY        02/20",-20.00,DEBIT_CARD,2036.98,,
DEBIT,02/20/2024,"CU LIBRARY ORANGE CA                         02/19",-2.58,DEBIT_CARD,2056.98,,
DEBIT,02/20/2024,"CHIPOTLE 0596 ORANGE CA                      02/19",-10.07,DEBIT_CARD,2059.56,,
DEBIT,02/20/2024,"VENMO  *Michelle Pries Visa Direct NY        02/19",-6.00,DEBIT_CARD,2069.63,,
DEBIT,02/20/2024,"QWIK KORNER Orange CA                        02/18",-6.82,DEBIT_CARD,2075.63,,
DEBIT,02/20/2024,"COASTAL KITCHEN DANA POINT CA                02/18",-62.50,DEBIT_CARD,2082.45,,
DEBIT,02/20/2024,"STARBUCKS 800-782-728 800-782-7282 WA        02/18",-15.00,DEBIT_CARD,2144.95,,
DEBIT,02/20/2024,"CHIPOTLE 0596 ORANGE CA                      02/17",-10.07,DEBIT_CARD,2159.95,,
DEBIT,02/20/2024,"CHEVRON 0208716 ORANGE CA                    02/17",-3.28,DEBIT_CARD,2170.02,,
DEBIT,02/20/2024,"CHIPOTLE 3983 ORANGE CA                      02/17",-9.81,DEBIT_CARD,2173.30,,
DEBIT,02/20/2024,"CHIPOTLE 3983 ORANGE CA                      02/16",-9.81,DEBIT_CARD,2183.11,,
DEBIT,02/20/2024,"FEDEX OFFIC32000003202 ORANGE CA             02/16",-88.36,DEBIT_CARD,2192.92,,
CREDIT,02/20/2024,"Online Transfer from CHK ...1048 transaction#: 19916268684",800.00,ACCT_XFER,2281.28,,
DEBIT,02/16/2024,"WAL-MART  Wal-Mart Sup ORANGE CA             02/16",-19.37,DEBIT_CARD,1481.28,,
DEBIT,02/16/2024,"RAISING CANES 0211 ORANGE CA                 02/15",-24.50,DEBIT_CARD,1500.65,,
DEBIT,02/16/2024,"CHIPOTLE 3983 ORANGE CA                      02/15",-9.81,DEBIT_CARD,1525.15,,
CREDIT,02/16/2024,"Zelle payment from OMEGA CHI CHAPTER OF THE FRATERNITY OF 19890228979",88.36,QUICKPAY_CREDIT,1534.96,,
DEBIT,02/14/2024,"SQ *TWOS COMPANY CAFE ORANGE CA              02/13",-57.57,DEBIT_CARD,1446.60,,
DEBIT,02/14/2024,"CHEVRON 0208716 ORANGE CA                    02/13",-65.51,DEBIT_CARD,1504.17,,
DEBIT,02/14/2024,"SQ *DR. VAPOR OLD TOWNE Orange CA            02/13",-25.86,DEBIT_CARD,1569.68,,
DEBIT,02/14/2024,"EURO CAFFE ORANGE CA                         02/13",-49.14,DEBIT_CARD,1595.54,,
DEBIT,02/13/2024,"CVS/PHARMACY #09 09744 Orange CA     724278  02/13",-43.80,DEBIT_CARD,1644.68,,
DEBIT,02/13/2024,"VENMO  *Robbie Cullert Visa Direct NY        02/13",-5.00,DEBIT_CARD,1688.48,,
DEBIT,02/13/2024,"TABS CHOCOLATE 786-3210739 FL                02/12",-32.31,DEBIT_CARD,1693.48,,
DEBIT,02/13/2024,"TABS CHOCOLATE 786-3210739 FL                02/12",-44.65,DEBIT_CARD,1725.79,,
DEBIT,02/13/2024,"VENMO*Carter Ashton NEW YORK CITY NY 405553  02/14",162.12,DEBIT_CARD,1770.44,,
CREDIT,02/13/2024,"Online Transfer from CHK ...1048 transaction#: 19857790671",465.00,ACCT_XFER,1608.32,,
DEBIT,02/12/2024,"VENMO  *Matt Salerno Visa Direct NY          02/12",-10.00,DEBIT_CARD,1143.32,,
DEBIT,02/12/2024,"STARBUCKS 800-782-728 800-782-7282 WA        02/11",-25.00,DEBIT_CARD,1153.32,,
DEBIT,02/09/2024,"CVS/PHARMACY #09 09744 Orange CA     024797  02/09",-10.76,DEBIT_CARD,1178.32,,
DEBIT,02/09/2024,"TRADER JOE S #04 TRADE ORANGE CA     449233  02/09",-113.99,DEBIT_CARD,1189.08,,
DEBIT,02/08/2024,"RAISING CANES 0211 ORANGE CA                 02/07",-13.59,DEBIT_CARD,1303.07,,
DEBIT,02/08/2024,"CHEVRON 0208716 ORANGE CA                    02/07",-3.28,DEBIT_CARD,1316.66,,
DEBIT,02/08/2024,"SoundCloud Monthly Go 347-9866607 CA         02/07",-4.99,DEBIT_CARD,1319.94,,
DEBIT,02/08/2024,"DD DOORDASH DAVESHOTC 855-973-1040 CA        02/07",-21.21,DEBIT_CARD,1324.93,,
DEBIT,02/07/2024,"CVS/PHARMACY #10 10225 ANAHEIM CA    539314  02/07",-26.08,DEBIT_CARD,1346.14,,
DEBIT,02/06/2024,"VENMO  *Dylan Lefranco Visa Direct NY        02/06",-18.00,DEBIT_CARD,1372.22,,
DEBIT,02/06/2024,"CHIPOTLE ONLINE 949-524-4000 CA              02/06",-12.23,DEBIT_CARD,1390.22,,
DEBIT,02/05/2024,"DD DOORDASH 7-ELEVEN 855-973-1040 CA         02/05",-10.47,DEBIT_CARD,1402.45,,
DEBIT,02/05/2024,"DD DOORDASH TWOSCOMPA 855-973-1040 CA        02/05",-38.02,DEBIT_CARD,1412.92,,
DEBIT,02/02/2024,"ARCO #42138 GARDEN GROVE CA                  02/02",-55.30,DEBIT_CARD,1450.94,,
CREDIT,02/01/2024,"Online Transfer from CHK ...1048 transaction#: 19732204832",260.00,ACCT_XFER,1506.24,,
DEBIT,01/31/2024,"TRADER JOE S #04 TRADE ORANGE CA     463859  01/31",-58.62,DEBIT_CARD,1246.24,,
DEBIT,01/30/2024,"UBER   *TRIP San Francisco CA        093049  01/30",-8.96,DEBIT_CARD,1304.86,,
DEBIT,01/30/2024,"ALBERTSONS #3534 ORANGE CA                   01/29",-60.84,DEBIT_CARD,1313.82,,
CREDIT,01/30/2024,"Zelle payment from MARILYN CONZONIRE BAClrxzvprkd",942.00,PARTNERFI_TO_CHASE,1374.66,,
DEBIT,01/29/2024,"WITHDRAWAL 01/29",-6800.00,MISC_DEBIT,432.66,,
DEBIT,01/29/2024,"CHIPOTLE ONLINE 949-524-4000 CA              01/29",-12.23,DEBIT_CARD,7232.66,,
DEBIT,01/29/2024,"SQ *TWOS COMPANY CAFE ORANGE CA              01/28",-37.13,DEBIT_CARD,7244.89,,
DEBIT,01/29/2024,"TST* WAZABI SUSHI - ORA Orange CA            01/27",-96.95,DEBIT_CARD,7282.02,,
DEBIT,01/29/2024,"SQ *DR. VAPOR OLD TOWNE Orange CA            01/27",-25.86,DEBIT_CARD,7378.97,,
DEBIT,01/29/2024,"RAISING CANES 0211 ORANGE CA                 01/26",-12.92,DEBIT_CARD,7404.83,,
CREDIT,01/29/2024,"Online Transfer from CHK ...9965 transaction#: 19707589013",600.00,ACCT_XFER,7417.75,,
CREDIT,01/29/2024,"Zelle payment from ETHAN GOLDBERG 19692912069",715.00,QUICKPAY_CREDIT,6817.75,,
DEBIT,01/26/2024,"CHEVRON 0208716 ORANGE CA                    01/25",-3.71,DEBIT_CARD,6102.75,,
DEBIT,01/26/2024,"CHIPOTLE ONLINE 949-524-4000 CA              01/26",-12.23,DEBIT_CARD,6106.46,,
DEBIT,01/25/2024,"ALBERTSONS #3534 ORANGE CA                   01/24",-49.97,DEBIT_CARD,6118.69,,
CREDIT,01/25/2024,"Zelle payment from JAMIE E O'BRIEN 19667300802",792.00,QUICKPAY_CREDIT,6168.66,,
CREDIT,01/25/2024,"Zelle payment from Marie-blandine  Longin BBT214325760",1117.00,PARTNERFI_TO_CHASE,5376.66,,
CREDIT,01/24/2024,"Zelle payment from DYLAN LEFRANCOIS BACvvezjfxcd",1117.00,PARTNERFI_TO_CHASE,4259.66,,
CREDIT,01/24/2024,"Zelle payment from HOWARD SHIEBLER 21I01VBJY4CQ",1317.00,PARTNERFI_TO_CHASE,3142.66,,
DEBIT,01/23/2024,"CHIPOTLE ONLINE 949-524-4000 CA              01/23",-12.23,DEBIT_CARD,1825.66,,
CREDIT,01/23/2024,"Online Transfer from CHK ...1048 transaction#: 19650890251",498.00,ACCT_XFER,1837.89,,
DEBIT,01/22/2024,"VENMO* Visa Direct NY                        01/22",-10.00,DEBIT_CARD,1339.89,,
DEBIT,01/22/2024,"VENMO* Visa Direct NY                        01/22",-17.00,DEBIT_CARD,1349.89,,
DEBIT,01/22/2024,"ALBERTSONS #3534 ORANGE CA                   01/21",-45.87,DEBIT_CARD,1366.89,,
DEBIT,01/22/2024,"CHIPOTLE ONLINE 949-524-4000 CA              01/21",-12.23,DEBIT_CARD,1412.76,,
DEBIT,01/22/2024,"CHEVRON 0208716 ORANGE CA                    01/20",-59.51,DEBIT_CARD,1424.99,,
DEBIT,01/22/2024,"CHEVRON 0208716 ORANGE CA                    01/20",-3.71,DEBIT_CARD,1484.50,,
DEBIT,01/22/2024,"CHIPOTLE ONLINE 949-524-4000 CA              01/21",-12.23,DEBIT_CARD,1488.21,,
DEBIT,01/22/2024,"UBER   *TRIP San Francisco CA        030446  01/20",-29.37,DEBIT_CARD,1500.44,,
DEBIT,01/22/2024,"OAKLANDNEWSST2663 OAKLAND CA                 01/20",-6.69,DEBIT_CARD,1529.81,,
DEBIT,01/22/2024,"STARBUCKS STORE 00668 DANVILLE CA            01/19",-5.45,DEBIT_CARD,1536.50,,
DEBIT,01/22/2024,"VENMO* Visa Direct NY                        01/19",-20.00,DEBIT_CARD,1541.95,,
DEBIT,01/22/2024,"HIGH TECH BURRITO  DANV DANVILLE CA          01/19",-17.43,DEBIT_CARD,1561.95,,
CREDIT,01/22/2024,"Online Transfer from CHK ...1048 transaction#: 19632758108",800.00,ACCT_XFER,1579.38,,
DEBIT,01/19/2024,"UBER   *TRIP San Francisco CA        845163  01/18",-21.91,DEBIT_CARD,779.38,,
DEBIT,01/19/2024,"CHEVRON 0092075 DANVILLE CA                  01/18",-8.33,DEBIT_CARD,801.29,,
DEBIT,01/19/2024,"APPLE.COM/BILL 866-712-7753 CA               01/19",-0.99,DEBIT_CARD,809.62,,
DEBIT,01/19/2024,"CNN NEWS ST939 SANTA ANA CA                  01/18",-4.19,DEBIT_CARD,810.61,,
DEBIT,01/19/2024,"CHIPOTLE ONLINE 949-524-4000 CA              01/19",-12.23,DEBIT_CARD,814.80,,
DEBIT,01/18/2024,"PLAYSAURUS WEB GAME HTTPSPLAYSAUR CA         01/18",-10.00,DEBIT_CARD,827.03,,
DEBIT,01/18/2024,"IN-N-OUT ORANGE 2 ORANGE CA                  01/18",-9.64,DEBIT_CARD,837.03,,
DEBIT,01/18/2024,"CHIPOTLE ONLINE 949-524-4000 CA              01/18",-12.23,DEBIT_CARD,846.67,,
DEBIT,01/18/2024,"CHEVRON 0208716 ORANGE CA                    01/17",-7.05,DEBIT_CARD,858.90,,
DEBIT,01/18/2024,"CHIPOTLE ONLINE 949-524-4000 CA              01/18",-12.23,DEBIT_CARD,865.95,,
DEBIT,01/17/2024,"IN-N-OUT ORANGE 2 ORANGE CA                  01/17",-9.64,DEBIT_CARD,878.18,,
DEBIT,01/17/2024,"VENMO* Visa Direct NY                        01/17",-50.00,DEBIT_CARD,887.82,,
DEBIT,01/17/2024,"LEEANN CHIN 0901 BWI M 410-4876598 MD        01/16",-14.18,DEBIT_CARD,937.82,,
DEBIT,01/17/2024,"TST* BEAN RUSH CAFE - A ANNAPOLIS MD         01/16",-19.88,DEBIT_CARD,952.00,,
DEBIT,01/16/2024,"FAIRFIELD INN & SUITES BROOMALL PA           01/15",-6.00,DEBIT_CARD,971.88,,
DEBIT,01/16/2024,"GIANT MARTINS #6523 21 BROOMALL PA           01/15",-30.56,DEBIT_CARD,977.88,,
DEBIT,01/16/2024,"SHEETZ 0412   00004127 HARRISBURG PA         01/13",-5.29,DEBIT_CARD,1008.44,,
DEBIT,01/16/2024,"TST* BEAN RUSH CAFE - A ANNAPOLIS MD         01/14",-24.75,DEBIT_CARD,1013.73,,
DEBIT,01/16/2024,"STARBUCKS STORE 28758 ANNAPOLIS MD           01/13",-16.70,DEBIT_CARD,1038.48,,
DEBIT,01/16/2024,"QWIK KORNER Orange CA                        01/11",-5.97,DEBIT_CARD,1055.18,,
DEBIT,01/12/2024,"SQ *ROCK AND BREWS TER Los Angeles CA        01/12",-9.31,DEBIT_CARD,1061.15,,
DEBIT,01/12/2024,"VENMO* Visa Direct NY                        01/12",-50.00,DEBIT_CARD,1070.46,,
DEBIT,01/12/2024,"CHEVRON 0208716 ORANGE CA                    01/11",-3.71,DEBIT_CARD,1120.46,,
DEBIT,01/11/2024,"IN-N-OUT ORANGE 2 ORANGE CA                  01/11",-9.64,DEBIT_CARD,1124.17,,
DEBIT,01/11/2024,"CHEVRON 0208716 ORANGE CA                    01/10",-62.67,DEBIT_CARD,1133.81,,
DEBIT,01/11/2024,"CHEVRON 0208716 ORANGE CA                    01/10",-3.71,DEBIT_CARD,1196.48,,
DEBIT,01/10/2024,"ALBERTSONS #3534 ORANGE CA                   01/09",-23.82,DEBIT_CARD,1200.19,,
DEBIT,01/10/2024,"APPLE.COM/BILL 866-712-7753 CA               01/09",-71.99,DEBIT_CARD,1224.01,,
DEBIT,01/09/2024,"CVS/PHARMACY #09 09744 Orange CA     427486  01/09",-3.28,DEBIT_CARD,1296.00,,
DEBIT,01/09/2024,"SoundCloud Monthly Go 347-9866607 CA         01/08",-4.99,DEBIT_CARD,1299.28,,
CREDIT,01/09/2024,"Online Transfer from CHK ...1048 transaction#: 19534756994",821.00,ACCT_XFER,1304.27,,
DEBIT,01/08/2024,"WAL-MART  Wal-Mart Sto ORANGE CA             01/06",-23.71,DEBIT_CARD,483.27,,
DEBIT,01/08/2024,"VENMO* Visa Direct NY                        01/06",-11.00,DEBIT_CARD,506.98,,
DEBIT,01/08/2024,"ALBERTSONS #3534 ORANGE CA                   01/06",-57.23,DEBIT_CARD,517.98,,
DEBIT,01/08/2024,"IN-N-OUT ORANGE 2 ORANGE CA                  01/06",-9.64,DEBIT_CARD,575.21,,
DEBIT,01/08/2024,"SOUTHWES    526224006 800-435-9792 TX        01/04",-365.97,DEBIT_CARD,584.85,,
DEBIT,01/05/2024,"VENMO* Visa Direct NY                        01/05",-8.00,DEBIT_CARD,950.82,,
DEBIT,01/03/2024,"CVS/PHARMACY #09 09744 Orange CA     057541  01/03",-27.55,DEBIT_CARD,958.82,,
DEBIT,01/03/2024,"ALBERTSONS #3534 ORANGE CA                   01/02",-49.27,DEBIT_CARD,986.37,,
DEBIT,01/03/2024,"APPLE.COM/BILL 866-712-7753 CA               01/03",-11.99,DEBIT_CARD,1035.64,,
DEBIT,01/02/2024,"Zelle payment to NICHOLAS PINA 19466391144",-12.00,QUICKPAY_DEBIT,1047.63,,
DEBIT,01/02/2024,"VENMO* Visa Direct NY                        01/02",-20.00,DEBIT_CARD,1059.63,,
DEBIT,01/02/2024,"TA BUTTONWILLOW BUTTONWILLOW CA              01/01",-58.78,DEBIT_CARD,1079.63,,
DEBIT,01/02/2024,"TA # 160 BUTTON BUTTONWILLOW CA              01/01",-17.76,DEBIT_CARD,1138.41,,
DEBIT,01/02/2024,"BAGEL STREET CAFE DANVILLE CA                01/01",-13.75,DEBIT_CARD,1156.17,,
DEBIT,01/02/2024,"KANSAI JAPANESE RESTUR. OAKLAND CA           01/01",-118.20,DEBIT_CARD,1169.92,,
DEBIT,01/02/2024,"VENMO* Visa Direct NY                        12/31",-34.00,DEBIT_CARD,1288.12,,
DEBIT,01/02/2024,"CHEVRON 0092075 DANVILLE CA                  12/30",-66.58,DEBIT_CARD,1322.12,,
CREDIT,01/02/2024,"Online Transfer from CHK ...9965 transaction#: 19452000809",3.00,ACCT_XFER,1388.70,,
CREDIT,01/02/2024,"Online Transfer from CHK ...9965 transaction#: 19452037179",300.00,ACCT_XFER,1385.70,,
CREDIT,01/02/2024,"Online Transfer from CHK ...1048 transaction#: 19454732745",900.00,ACCT_XFER,1085.70,,
DEBIT,12/27/2023,"OFFICIAL CHECKS CHARGE",-10.00,FEE_TRANSACTION,185.70,,
DEBIT,12/27/2023,"WITHDRAWAL 12/27",-6800.00,MISC_DEBIT,195.70,,
DEBIT,12/27/2023,"APPLE.COM/BILL 866-712-7753 CA               12/27",-6.96,DEBIT_CARD,6995.70,,
CREDIT,12/27/2023,"Zelle payment from HOWARD SHIEBLER 21I0I0T2BTHM",1317.00,PARTNERFI_TO_CHASE,7002.66,,
DEBIT,12/26/2023,"THE MELT DANVILLE 877-2506358 CA             12/24",-13.04,DEBIT_CARD,5685.66,,
CREDIT,12/26/2023,"Zelle payment from ETHAN GOLDBERG 19389001670",715.00,QUICKPAY_CREDIT,5698.70,,
CREDIT,12/26/2023,"Zelle payment from DAVID O'BRIEN 19392810687",792.00,QUICKPAY_CREDIT,4983.70,,
CREDIT,12/26/2023,"Zelle payment from MARILYN CONZONIRE BACoookkho3l",942.00,PARTNERFI_TO_CHASE,4191.70,,
DEBIT,12/22/2023,"VENMO  *Dylan Lefranco Visa Direct NY        12/21",-28.00,DEBIT_CARD,3249.70,,
DEBIT,12/22/2023,"STEAMGAMES.COM 4259522 425-8899642 WA        12/22",-9.99,DEBIT_CARD,3277.70,,
CREDIT,12/22/2023,"Online Transfer from CHK ...1048 transaction#: 19371051052",800.00,ACCT_XFER,3287.69,,
CREDIT,12/22/2023,"Zelle payment from Marie-blandine  Longin BBT209118110",1117.00,PARTNERFI_TO_CHASE,2487.69,,
DEBIT,12/21/2023,"FYF*FROMYOUFLOWERS 800-838-8853 CT           12/21",-81.58,DEBIT_CARD,1370.69,,
CREDIT,12/21/2023,"Zelle payment from DYLAN LEFRANCOIS BACyxf4ujqby",1117.00,PARTNERFI_TO_CHASE,1452.27,,
DEBIT,12/18/2023,"SAFEWAY #1211 DANVILLE CA                    12/17",-35.28,DEBIT_CARD,335.27,,
DEBIT,12/18/2023,"SHELL OIL 10014070006 LOST HILLS CA          12/16",-2.90,DEBIT_CARD,370.55,,
DEBIT,12/18/2023,"SHELL OIL 10014070006 LOST HILLS CA          12/16",-5.35,DEBIT_CARD,373.45,,
DEBIT,12/18/2023,"Subway 46898 Lost Hills CA                   12/16",-15.44,DEBIT_CARD,378.80,,
DEBIT,12/18/2023,"CHEVRON 0098551 LOST HILLS CA                12/16",-74.20,DEBIT_CARD,394.24,,
DEBIT,12/18/2023,"ALBERTSONS #3534 ORANGE CA                   12/15",-14.00,DEBIT_CARD,468.44,,
DEBIT,12/18/2023,"CHIPOTLE ONLINE 949-524-4000 CA              12/16",-10.34,DEBIT_CARD,482.44,,
DEBIT,12/18/2023,"EINSTEIN BAGEL ORANGE CA                     12/15",-8.61,DEBIT_CARD,492.78,,
DEBIT,12/15/2023,"WAL-MART  Wal-Mart Sup ORANGE CA             12/14",-27.42,DEBIT_CARD,501.39,,
DEBIT,12/14/2023,"IN-N-OUT ANAHEIM ANAHEIM CA                  12/14",-19.29,DEBIT_CARD,528.81,,
DEBIT,12/14/2023,"SQ *TWOS COMPANY CAFE ORANGE CA              12/13",-35.52,DEBIT_CARD,548.10,,
DEBIT,12/13/2023,"SPEEDWAY 6696 ANAHEIM CA                     12/13",-60.59,DEBIT_CARD,583.62,,
DEBIT,12/13/2023,"Zelle payment to JESSY 19279014118",-130.00,QUICKPAY_DEBIT,644.21,,
DEBIT,12/13/2023,"ALBERTSONS #3534 ORANGE CA                   12/12",-14.38,DEBIT_CARD,774.21,,
DEBIT,12/13/2023,"SQ *DR. VAPOR OLD TOWNE Orange CA            12/12",-30.08,DEBIT_CARD,788.59,,
DEBIT,12/13/2023,"CHAPMANS AGORA GIFTS #8 ORANGE CA            12/11",-6.45,DEBIT_CARD,818.67,,
CREDIT,12/13/2023,"Online Transfer from CHK ...9965 transaction#: 19277651543",500.00,ACCT_XFER,825.12,,
DEBIT,12/12/2023,"CU LIBRARY ORANGE CA                         12/11",-2.58,DEBIT_CARD,325.12,,
DEBIT,12/11/2023,"STATERBRO 3325 E CHAPM ORANGE CA             12/09",-40.32,DEBIT_CARD,327.70,,
DEBIT,12/11/2023,"SoundCloud Monthly Go 347-9866607 CA         12/09",-4.99,DEBIT_CARD,368.02,,
DEBIT,12/11/2023,"VENMO*Carter Ashton NEW YORK CITY NY 420413  12/10",32.85,DEBIT_CARD,373.01,,
DEBIT,12/07/2023,"24HourFitness Carlsbad CA            802731  12/07",-29.99,DEBIT_CARD,340.16,,
DEBIT,12/07/2023,"ALBERTSONS #3534 ORANGE CA                   12/06",-67.25,DEBIT_CARD,370.15,,
DEBIT,12/06/2023,"VENMO* Visa Direct NY                        12/06",-25.00,DEBIT_CARD,437.40,,
DEBIT,12/06/2023,"ARCO #42158 ORANGE CA                        12/05",-25.72,DEBIT_CARD,462.40,,
DEBIT,12/06/2023,"SQ *DR. VAPOR OLD TOWNE Orange CA            12/05",-30.08,DEBIT_CARD,488.12,,
DEBIT,12/05/2023,"ALBERTSONS #3534 ORANGE CA                   12/04",-15.33,DEBIT_CARD,518.20,,
DEBIT,12/05/2023,"CATALINA LANDING PARKIN LONG BEACH CA        12/03",-46.90,DEBIT_CARD,533.53,,
DEBIT,12/04/2023,"ARCO #42158 ORANGE CA                        12/04",-8.94,DEBIT_CARD,580.43,,
DEBIT,12/04/2023,"DESCANSO BEACH CLUB AVALON CA                12/03",-14.30,DEBIT_CARD,589.37,,
DEBIT,12/04/2023,"DESCANSO BEACH CLUB AVALON CA                12/02",-14.30,DEBIT_CARD,603.67,,
DEBIT,12/04/2023,"DESCANSO BEACH CLUB AVALON CA                12/03",-57.20,DEBIT_CARD,617.97,,
DEBIT,12/04/2023,"DUES_Crowded New York NY                     12/04",-43.26,DEBIT_CARD,675.17,,
DEBIT,12/04/2023,"SQ *TWOS COMPANY CAFE ORANGE CA              12/03",-32.91,DEBIT_CARD,718.43,,
DEBIT,12/04/2023,"PY *SCOOPS CATALINA AVALON CA                12/03",-9.00,DEBIT_CARD,751.34,,
DEBIT,12/04/2023,"DESCANSO BEACH CLUB AVALON CA                12/03",-28.60,DEBIT_CARD,760.34,,
DEBIT,12/04/2023,"DESCANSO BEACH CLUB AVALON CA                12/02",-28.60,DEBIT_CARD,788.94,,
DEBIT,12/04/2023,"CONEY ISLAND WEST AVALON CA                  12/02",-34.09,DEBIT_CARD,817.54,,
DEBIT,12/04/2023,"MARLIN CLUB AVALON CA                        12/02",-23.10,DEBIT_CARD,851.63,,
DEBIT,12/04/2023,"MARLIN CLUB AVALON CA                        12/02",-13.70,DEBIT_CARD,874.73,,
DEBIT,12/04/2023,"ORIGINAL ANTONIO'S AVALON CA                 12/01",-38.60,DEBIT_CARD,888.43,,
DEBIT,12/04/2023,"MV - JET CAT LOWER SAN PEDRO CA              12/01",-4.00,DEBIT_CARD,927.03,,
DEBIT,12/01/2023,"CHEVRON 0208716 ORANGE CA                    12/01",-65.04,DEBIT_CARD,931.03,,
DEBIT,12/01/2023,"VENMO* Visa Direct NY                        12/01",-56.00,DEBIT_CARD,996.07,,
DEBIT,12/01/2023,"ALBERTSONS #3534 ORANGE CA                   11/30",-112.00,DEBIT_CARD,1052.07,,
DEBIT,12/01/2023,"APPLE CASH SENT MONE 1INFINITELOOP CA        11/30",-30.00,DEBIT_CARD,1164.07,,
DEBIT,12/01/2023,"VENMO*Carter Ashton NEW YORK CITY NY 155321  12/01",110.04,DEBIT_CARD,1194.07,,
DEBIT,11/30/2023,"ALBERTSONS #3534 ORANGE CA                   11/29",-25.48,DEBIT_CARD,1084.03,,
DEBIT,11/30/2023,"APPLE.COM/BILL 866-712-7753 CA               11/30",-11.99,DEBIT_CARD,1109.51,,
DEBIT,11/29/2023,"WITHDRAWAL 11/29",-6800.00,MISC_DEBIT,1121.50,,
DEBIT,11/29/2023,"VENMO            PAYMENT    1030932939967   WEB ID: 3264681992",-96.98,ACH_DEBIT,7921.50,,
DEBIT,11/29/2023,"VENMO* Visa Direct NY                        11/29",-4.99,DEBIT_CARD,8018.48,,
DEBIT,11/29/2023,"ALBERTSONS #3534 ORANGE CA                   11/28",-79.23,DEBIT_CARD,8023.47,,
DEBIT,11/29/2023,"VENMO*Carter Ashton NEW YORK CITY NY 651081  11/29",115.73,DEBIT_CARD,8102.70,,
CREDIT,11/29/2023,"Online Transfer from CHK ...9965 transaction#: 19138491555",585.00,ACCT_XFER,7986.97,,
CREDIT,11/29/2023,"Online Transfer from CHK ...1048 transaction#: 19137981535",646.00,ACCT_XFER,7401.97,,
DEBIT,11/28/2023,"7-ELEVEN ORANGE CA                           11/27",-2.99,DEBIT_CARD,6755.97,,
CREDIT,11/28/2023,"Zelle payment from JAMIE E O'BRIEN 19125304959",792.00,QUICKPAY_CREDIT,6758.96,,
DEBIT,11/27/2023,"VENMO* Visa Direct NY                        11/27",-21.00,DEBIT_CARD,5966.96,,
DEBIT,11/27/2023,"ALBERTSONS #3534 ORANGE CA                   11/25",-42.08,DEBIT_CARD,5987.96,,
DEBIT,11/27/2023,"TST* WAZABI SUSHI - ORA Orange CA            11/24",-73.75,DEBIT_CARD,6030.04,,
DEBIT,11/27/2023,"CHEVRON 0386062 LEBEC CA                     11/24",-58.21,DEBIT_CARD,6103.79,,
DEBIT,11/27/2023,"PANDA EXPRESS #800 LEBEC CA                  11/24",-11.37,DEBIT_CARD,6162.00,,
DEBIT,11/27/2023,"SEOUL JUNG DUBLIN CA                         11/24",-91.25,DEBIT_CARD,6173.37,,
CREDIT,11/27/2023,"Zelle payment from ETHAN GOLDBERG 19120466983",715.00,QUICKPAY_CREDIT,6264.62,,
CREDIT,11/27/2023,"Zelle payment from MARILYN CONZONIRE BACplhud0uhr",942.00,PARTNERFI_TO_CHASE,5549.62,,
CREDIT,11/27/2023,"Zelle payment from HOWARD SHIEBLER 21I0HZZJZHN8",1317.00,PARTNERFI_TO_CHASE,4607.62,,
DEBIT,11/24/2023,"ARP MINI MART TRACY CA                       11/24",-59.13,DEBIT_CARD,3290.62,,
DEBIT,11/24/2023,"SHELL OIL 57444673701 DANVILLE CA            11/22",-4.04,DEBIT_CARD,3349.75,,
DEBIT,11/24/2023,"24 Hour Fitness USA, I 800-4326348 CA        11/23",-431.76,DEBIT_CARD,3353.79,,
CREDIT,11/24/2023,"Zelle payment from DYLAN LEFRANCOIS BACdo2vm6zuk",1117.00,PARTNERFI_TO_CHASE,3785.55,,
CREDIT,11/24/2023,"Zelle payment from Marie-blandine  Longin BBT204347546",1117.00,PARTNERFI_TO_CHASE,2668.55,,
CREDIT,11/22/2023,"Online Transfer from CHK ...1048 transaction#: 19084455808",440.00,ACCT_XFER,1551.55,,
DEBIT,11/21/2023,"VENMO* Visa Direct NY                        11/20",-32.00,DEBIT_CARD,1111.55,,
DEBIT,11/21/2023,"VENMO* Visa Direct NY                        11/20",-47.00,DEBIT_CARD,1143.55,,
DEBIT,11/21/2023,"BAGEL STREET CAFE-DA DANVILLE CA             11/20",-13.00,DEBIT_CARD,1190.55,,
DEBIT,11/20/2023,"CHEVRON 0386237 TRACY CA                     11/19",-70.21,DEBIT_CARD,1203.55,,
DEBIT,11/20/2023,"TACO BELL 039795 NEWHALL CA                  11/19",-29.07,DEBIT_CARD,1273.76,,
DEBIT,11/20/2023,"SHELL OIL 10008076001 NEWHALL CA             11/19",-75.70,DEBIT_CARD,1302.83,,
DEBIT,11/20/2023,"ALBERTSONS #3534 ORANGE CA                   11/18",-75.28,DEBIT_CARD,1378.53,,
DEBIT,11/20/2023,"SQ *TWOS COMPANY CAFE ORANGE CA              11/18",-36.71,DEBIT_CARD,1453.81,,
DEBIT,11/20/2023,"IN-N-OUT ORANGE 2 ORANGE CA                  11/18",-22.03,DEBIT_CARD,1490.52,,
DEBIT,11/20/2023,"FLIP SHOP HTTPSFLIP.SHO CA                   11/18",-2.16,DEBIT_CARD,1512.55,,
DEBIT,11/20/2023,"ALBERTSONS #3534 ORANGE CA                   11/17",-30.55,DEBIT_CARD,1514.71,,
DEBIT,11/20/2023,"CHIPOTLE ONLINE 949-524-4000 CA              11/18",-10.34,DEBIT_CARD,1545.26,,
CREDIT,11/20/2023,"Zelle payment from ALISA LEIRMO PAT0HZVI1DOS",3.00,PARTNERFI_TO_CHASE,1555.60,,
CREDIT,11/20/2023,"Online Transfer from CHK ...1048 transaction#: 19064589469",800.00,ACCT_XFER,1552.60,,
DEBIT,11/15/2023,"IN N OUT BURGER 300 ANAHEIM CA               11/15",-19.23,DEBIT_CARD,752.60,,
DEBIT,11/14/2023,"CVS/PHARM 09744--1535 Orange CA              11/14",-37.16,DEBIT_CARD,771.83,,
DEBIT,11/14/2023,"ALBERTSONS #3534 ORANGE CA                   11/13",-30.60,DEBIT_CARD,808.99,,
CREDIT,11/14/2023,"Online Transfer from CHK ...1048 transaction#: 19009526663",300.00,ACCT_XFER,839.59,,
DEBIT,11/13/2023,"HOOVE'S LIQUOR ORANGE CA                     11/12",-6.13,DEBIT_CARD,539.59,,
DEBIT,11/13/2023,"GNC SANTA ANA CA                             11/12",-65.54,DEBIT_CARD,545.72,,
DEBIT,11/13/2023,"CHEVRON 0208716 ORANGE CA                    11/12",-65.23,DEBIT_CARD,611.26,,
DEBIT,11/13/2023,"CHIPOTLE ONLINE 949-524-4000 CA              11/11",-10.07,DEBIT_CARD,676.49,,
DEBIT,11/10/2023,"CATALINA EXPRESS - ONL SAN PEDRO CA          11/09",-168.00,DEBIT_CARD,686.56,,
DEBIT,11/10/2023,"SoundCloud Monthly Go 347-9866607 CA         11/09",-4.99,DEBIT_CARD,854.56,,
DEBIT,11/10/2023,"TARGET        00002303 ORANGE CA             11/09",-23.71,DEBIT_CARD,859.55,,
DEBIT,11/09/2023,"SQ *DR. VAPOR OLD TOWNE Orange CA            11/08",-27.05,DEBIT_CARD,883.26,,
DEBIT,11/08/2023,"VENMO* Visa Direct NY                        11/08",-23.00,DEBIT_CARD,910.31,,
DEBIT,11/08/2023,"DUES_Crowded New York NY                     11/08",-401.51,DEBIT_CARD,933.31,,
DEBIT,11/08/2023,"ALBERTSONS #3534 ORANGE CA                   11/07",-105.01,DEBIT_CARD,1334.82,,
DEBIT,11/08/2023,"VENMO*Carter Ashton NEW YORK CITY NY 656826  11/08",26.53,DEBIT_CARD,1439.83,,
DEBIT,11/07/2023,"CVS/PHARMACY #09 09744 Orange CA     650160  11/07",-3.28,DEBIT_CARD,1413.30,,
DEBIT,11/07/2023,"VENMO* Visa Direct NY                        11/06",-25.00,DEBIT_CARD,1416.58,,
DEBIT,11/06/2023,"CVS/PHARMACY #09 09744 Orange CA     630633  11/06",-3.28,DEBIT_CARD,1441.58,,
DEBIT,11/06/2023,"LEVI'S STORE 146 IRVINE CA                   11/05",-141.42,DEBIT_CARD,1444.86,,
DEBIT,11/06/2023,"TILLYS #31 IRVINE CA                 110670  11/05",-32.31,DEBIT_CARD,1586.28,,
DEBIT,11/06/2023,"IN N OUT BURGER 300 ANAHEIM CA               11/03",-21.55,DEBIT_CARD,1618.59,,
DEBIT,11/06/2023,"VENMO*Carter Ashton NEW YORK CITY NY 646026  11/07",117.90,DEBIT_CARD,1640.14,,
CREDIT,11/06/2023,"Online Transfer from CHK ...1048 transaction#: 18934203576",246.00,ACCT_XFER,1522.24,,
DEBIT,11/03/2023,"VENMO* Visa Direct NY                        11/03",-14.00,DEBIT_CARD,1276.24,,
DEBIT,11/03/2023,"ALBERTSONS #3534 ORANGE CA                   11/02",-20.35,DEBIT_CARD,1290.24,,
DEBIT,11/02/2023,"CHIPOTLE 3983 ORANGE CA                      11/01",-9.81,DEBIT_CARD,1310.59,,
DEBIT,11/01/2023,"UBER   *TRIP San Francisco CA        328400  11/01",-13.99,DEBIT_CARD,1320.40,,
DEBIT,11/01/2023,"UBER   *TRIP San Francisco CA        175930  11/01",-11.95,DEBIT_CARD,1334.39,,
DEBIT,11/01/2023,"SHELL OIL10007779019 ANAHEIM CA              10/31",-3.27,DEBIT_CARD,1346.34,,
DEBIT,11/01/2023,"VENMO* Visa Direct NY                        11/01",-5.00,DEBIT_CARD,1349.61,,
DEBIT,11/01/2023,"CHIPOTLE 3983 ORANGE CA                      10/31",-6.47,DEBIT_CARD,1354.61,,
DEBIT,10/31/2023,"SHELL SERVICE STATION ANAHEIM CA     488479  10/31",-82.29,DEBIT_CARD,1361.08,,
DEBIT,10/31/2023,"Online Transfer to CHK ...9965 transaction#: 18873858397 10/31",-10.00,ACCT_XFER,1443.37,,
DEBIT,10/31/2023,"CVS/PHARMACY #09 09744 Orange CA     662829  10/31",-3.28,DEBIT_CARD,1453.37,,
DEBIT,10/31/2023,"OC GOODWILL - GRAND AV SANTA ANA CA          10/30",-12.99,DEBIT_CARD,1456.65,,
DEBIT,10/31/2023,"APPLE.COM/BILL 866-712-7753 CA               10/31",-11.99,DEBIT_CARD,1469.64,,
DEBIT,10/31/2023,"SQ *DR. VAPOR OLD TOWNE Orange CA            10/30",-27.05,DEBIT_CARD,1481.63,,
DEBIT,10/31/2023,"VENMO*Carter Ashton NEW YORK CITY NY 615649  10/31",69.76,DEBIT_CARD,1508.68,,
CREDIT,10/31/2023,"Online Transfer from CHK ...1048 transaction#: 18874010486",1218.00,ACCT_XFER,1438.92,,
DEBIT,10/30/2023,"ALBERTSONS #3534 ORANGE CA                   10/29",-48.58,DEBIT_CARD,220.92,,
DEBIT,10/30/2023,"MCDONALD'S F10265 ANAHEIM CA                 10/29",-26.26,DEBIT_CARD,269.50,,
DEBIT,10/30/2023,"VONS #2176 GARDEN GROVE CA                   10/29",-4.29,DEBIT_CARD,295.76,,
DEBIT,10/30/2023,"RAISING CANES 0211 ORANGE CA                 10/29",-13.58,DEBIT_CARD,300.05,,
DEBIT,10/30/2023,"CHAPMANS AGORA GIFTS #8 ORANGE CA            10/26",-7.64,DEBIT_CARD,313.63,,
DEBIT,10/27/2023,"WITHDRAWAL 10/27",-6800.00,MISC_DEBIT,321.27,,
DEBIT,10/26/2023,"IN N OUT BURGER 300 ANAHEIM CA               10/26",-15.25,DEBIT_CARD,7121.27,,
DEBIT,10/26/2023,"CVS/PHARMACY #10 10225 ANAHEIM CA    628454  10/25",-23.68,DEBIT_CARD,7136.52,,
DEBIT,10/26/2023,"WEPAPRINTINGDEPOSIT 8006757639 AL            10/26",-5.00,DEBIT_CARD,7160.20,,
DEBIT,10/26/2023,"OC URGENT CARE ORANGE CA                     10/25",-50.00,DEBIT_CARD,7165.20,,
DEBIT,10/26/2023,"VENMO* Visa Direct NY                        10/25",-8.00,DEBIT_CARD,7215.20,,
DEBIT,10/26/2023,"APPLE CASH SENT MONE 1INFINITELOOP CA        10/25",-25.00,DEBIT_CARD,7223.20,,
DEBIT,10/25/2023,"CHIPOTLE 3983 ORANGE CA                      10/24",-9.81,DEBIT_CARD,7248.20,,
DEBIT,10/25/2023,"TRU BRU ORGANIC COFFEE ORANGE CA             10/24",-9.49,DEBIT_CARD,7258.01,,
CREDIT,10/25/2023,"Zelle payment from ETHAN GOLDBERG 18821351403",715.00,QUICKPAY_CREDIT,7267.50,,
DEBIT,10/24/2023,"TRADER JOE S #04 TRADE ORANGE CA     244227  10/24",-10.87,DEBIT_CARD,6552.50,,
DEBIT,10/24/2023,"VENMO* Visa Direct NY                        10/24",-42.00,DEBIT_CARD,6563.37,,
CREDIT,10/24/2023,"Zelle payment from JAMIE E O'BRIEN 18804743674",792.00,QUICKPAY_CREDIT,6605.37,,
CREDIT,10/24/2023,"Zelle payment from MARILYN CONZONIRE BACqufc6rshz",942.00,PARTNERFI_TO_CHASE,5813.37,,
CREDIT,10/24/2023,"Zelle payment from HOWARD SHIEBLER 21I0HZ427VUZ",1317.00,PARTNERFI_TO_CHASE,4871.37,,
DEBIT,10/23/2023,"ARCO #42158 ORANGE CA                        10/22",-3.34,DEBIT_CARD,3554.37,,
DEBIT,10/23/2023,"TRADER JOE S #04 TRADE ORANGE CA     462890  10/22",-8.98,DEBIT_CARD,3557.71,,
DEBIT,10/23/2023,"TRADER JOE S #04 TRADE ORANGE CA     464174  10/22",-91.64,DEBIT_CARD,3566.69,,
DEBIT,10/23/2023,"CHIPOTLE ONLINE 949-524-4000 CA              10/22",-10.61,DEBIT_CARD,3658.33,,
DEBIT,10/23/2023,"VENMO* Visa Direct NY                        10/21",-22.00,DEBIT_CARD,3668.94,,
DEBIT,10/23/2023,"IN N OUT BURGER 300 ANAHEIM CA               10/21",-20.63,DEBIT_CARD,3690.94,,
DEBIT,10/23/2023,"VENMO* Visa Direct NY                        10/21",-10.00,DEBIT_CARD,3711.57,,
DEBIT,10/23/2023,"VENMO* Visa Direct NY                        10/21",-6.00,DEBIT_CARD,3721.57,,
DEBIT,10/23/2023,"VENMO* Visa Direct NY                        10/21",-6.00,DEBIT_CARD,3727.57,,
DEBIT,10/23/2023,"CHIPOTLE ONLINE 949-524-4000 CA              10/21",-10.34,DEBIT_CARD,3733.57,,
CREDIT,10/23/2023,"Online Transfer from CHK ...1048 transaction#: 18792200595",800.00,ACCT_XFER,3743.91,,
CREDIT,10/23/2023,"Zelle payment from Marie-blandine  Longin BBT199406873",1117.00,PARTNERFI_TO_CHASE,2943.91,,
CREDIT,10/23/2023,"Zelle payment from DYLAN LEFRANCOIS BACivy7w53p6",1117.00,PARTNERFI_TO_CHASE,1826.91,,
DEBIT,10/20/2023,"CHIPOTLE ONLINE 949-524-4000 CA              10/20",-10.34,DEBIT_CARD,709.91,,
DEBIT,10/20/2023,"THE COLLECTIVE HTTPSWWW.INST WA              10/19",-11.99,DEBIT_CARD,720.25,,
DEBIT,10/20/2023,"DUES_Crowded New York NY                     10/19",-64.34,DEBIT_CARD,732.24,,
DEBIT,10/19/2023,"ARCO #42158 ORANGE CA                        10/19",-71.82,DEBIT_CARD,796.58,,
DEBIT,10/19/2023,"CHIPOTLE ONLINE 949-524-4000 CA              10/19",-10.34,DEBIT_CARD,868.40,,
DEBIT,10/18/2023,"CVS/PHARMACY #09 09744 Orange CA     509724  10/18",-3.60,DEBIT_CARD,878.74,,
DEBIT,10/18/2023,"BLDZETY.COM 8446737863                       10/17",-23.70,DEBIT_CARD,882.34,,
DEBIT,10/17/2023,"CVS/PHARMACY #09 09744 Orange CA     821631  10/17",-3.28,DEBIT_CARD,906.04,,
DEBIT,10/17/2023,"TARGET        00002303 ORANGE CA             10/16",-10.78,DEBIT_CARD,909.32,,
DEBIT,10/17/2023,"IN N OUT BURGER 300 ANAHEIM CA               10/15",-19.23,DEBIT_CARD,920.10,,
DEBIT,10/16/2023,"VENMO* Visa Direct NY                        10/15",-8.00,DEBIT_CARD,939.33,,
DEBIT,10/16/2023,"UBER   *TRIP San Francisco CA        765560  10/14",-9.99,DEBIT_CARD,947.33,,
DEBIT,10/16/2023,"UBER   *TRIP San Francisco CA        508666  10/14",-6.17,DEBIT_CARD,957.32,,
DEBIT,10/16/2023,"CHIPOTLE ONLINE 949-524-4000 CA              10/15",-9.81,DEBIT_CARD,963.49,,
DEBIT,10/16/2023,"ALBERTSONS #3534 ORANGE CA                   10/14",-30.37,DEBIT_CARD,973.30,,
DEBIT,10/16/2023,"AMC 0437 ORANGE 30 ORANGE CA                 10/13",-12.48,DEBIT_CARD,1003.67,,
DEBIT,10/16/2023,"COLDSTONE #20111 HUNTINGTON BE CA            10/14",-11.48,DEBIT_CARD,1016.15,,
DEBIT,10/16/2023,"SQ *DR. VAPOR OLD TOWNE Orange CA            10/13",-27.05,DEBIT_CARD,1027.63,,
DEBIT,10/16/2023,"QWIK KORNER Orange CA                        10/12",-5.58,DEBIT_CARD,1054.68,,
DEBIT,10/13/2023,"VENMO* Visa Direct NY                        10/13",-12.00,DEBIT_CARD,1060.26,,
DEBIT,10/13/2023,"VENMO*Carter Ashton NEW YORK CITY NY 056401  10/13",85.47,DEBIT_CARD,1072.26,,
DEBIT,10/12/2023,"CVS/PHARMACY #09 09744 Orange CA     040644  10/12",-3.28,DEBIT_CARD,986.79,,
DEBIT,10/12/2023,"VENMO* Visa Direct NY                        10/12",-25.00,DEBIT_CARD,990.07,,
DEBIT,10/12/2023,"COLDSTONE OF ORANGE ORANGE CA                10/11",-6.89,DEBIT_CARD,1015.07,,
DEBIT,10/11/2023,"FANDANGO 8668575191 CA                       10/11",-34.76,DEBIT_CARD,1021.96,,
DEBIT,10/11/2023,"CROWDED.ME HTTPSCROWDED. CA                  10/11",-25.74,DEBIT_CARD,1056.72,,
DEBIT,10/11/2023,"SoundCloud Monthly Go 347-9866607 CA         10/10",-4.99,DEBIT_CARD,1082.46,,
DEBIT,10/10/2023,"TRADER JOE S #04 TRADE ORANGE CA     336277  10/10",-103.56,DEBIT_CARD,1087.45,,
DEBIT,10/10/2023,"ARCO #42158 ORANGE CA                        10/09",-74.90,DEBIT_CARD,1191.01,,
DEBIT,10/10/2023,"CVS/PHARMACY #09 09744 Orange CA     514249  10/09",-3.06,DEBIT_CARD,1265.91,,
DEBIT,10/10/2023,"JERSEY MIKES 20082 ORANGE CA                 10/08",-27.45,DEBIT_CARD,1268.97,,
DEBIT,10/10/2023,"CIRCLE K 09444 ORANGE CA                     10/08",-2.49,DEBIT_CARD,1296.42,,
DEBIT,10/10/2023,"IMPERIAL STATION INC #5 ORANGE CA            10/08",-3.27,DEBIT_CARD,1298.91,,
DEBIT,10/10/2023,"APPLE.COM/BILL 866-712-7753 CA               10/09",-7.99,DEBIT_CARD,1302.18,,
DEBIT,10/10/2023,"VENMO* Visa Direct NY                        10/08",-20.00,DEBIT_CARD,1310.17,,
DEBIT,10/10/2023,"CHIPOTLE ONLINE 949-524-4000 CA              10/07",-9.54,DEBIT_CARD,1330.17,,
DEBIT,10/10/2023,"STARBUCKS 800-782-728 800-782-7282 WA        10/06",-25.00,DEBIT_CARD,1339.71,,
DEBIT,10/06/2023,"CVS/PHARMACY #09 09744 Orange CA     442811  10/06",-3.28,DEBIT_CARD,1364.71,,
DEBIT,10/06/2023,"VENMO* Visa Direct NY                        10/06",-14.00,DEBIT_CARD,1367.99,,
DEBIT,10/04/2023,"VENMO* Visa Direct NY                        10/04",-7.00,DEBIT_CARD,1381.99,,
DEBIT,10/04/2023,"QWIK KORNER Orange CA                        10/02",-3.58,DEBIT_CARD,1388.99,,
DEBIT,10/03/2023,"CVS/PHARMACY #09 09744 Orange CA     208574  10/03",-3.28,DEBIT_CARD,1392.57,,
DEBIT,10/03/2023,"SQ *DR. VAPOR OLD TOWNE Orange CA            10/02",-27.05,DEBIT_CARD,1395.85,,
DEBIT,10/03/2023,"SQ *BLK DOT COFFEE Orange CA                 10/02",-5.55,DEBIT_CARD,1422.90,,
DEBIT,10/03/2023,"BLDZETY.COM 8446737863                       10/02",-2.70,DEBIT_CARD,1428.45,,
DEBIT,10/02/2023,"TRADER JOE S #04 TRADE ORANGE CA     131759  10/01",-58.23,DEBIT_CARD,1431.15,,
DEBIT,10/02/2023,"CVS/PHARMACY #09 09744 Orange CA     505989  10/01",-3.28,DEBIT_CARD,1489.38,,
DEBIT,10/02/2023,"CHIPOTLE ONLINE 949-524-4000 CA              10/02",-10.07,DEBIT_CARD,1492.66,,
DEBIT,10/02/2023,"7-ELEVEN ORANGE CA                           09/30",-2.44,DEBIT_CARD,1502.73,,
DEBIT,10/02/2023,"CHICK-FIL-A #04003 ORANGE CA                 09/30",-19.75,DEBIT_CARD,1505.17,,
DEBIT,10/02/2023,"VENMO* Visa Direct NY                        09/30",-9.00,DEBIT_CARD,1524.92,,
DEBIT,10/02/2023,"ALBERTSONS #3534 ORANGE CA                   09/29",-40.44,DEBIT_CARD,1533.92,,
DEBIT,10/02/2023,"H&M0146 COSTA MESA CA                        09/29",-103.83,DEBIT_CARD,1574.36,,
DEBIT,10/02/2023,"VENMO*Carter Ashton NEW YORK CITY NY 585115  09/30",31.44,DEBIT_CARD,1678.19,,
CREDIT,09/29/2023,"Zelle payment from HOWARD SHIEBLER 21I0HYGBA3VP",1317.00,PARTNERFI_TO_CHASE,1646.75,,
DEBIT,09/28/2023,"WITHDRAWAL 09/28",-6800.00,MISC_DEBIT,329.75,,
DEBIT,09/28/2023,"CHAPMANS AGORA GIFTS #8 ORANGE CA            09/27",-5.47,DEBIT_CARD,7129.75,,
CREDIT,09/28/2023,"Online Transfer from CHK ...9965 transaction#: 18567377809",400.00,ACCT_XFER,7135.22,,
CREDIT,09/28/2023,"Zelle payment from ETHAN GOLDBERG 18566658772",715.00,QUICKPAY_CREDIT,6735.22,,
DEBIT,09/27/2023,"CITATION PERMITS PROCE 949-7526937 CA        09/25",-68.50,DEBIT_CARD,6020.22,,
DEBIT,09/27/2023,"APPLE CASH SENT MONE 1INFINITELOOP CA        09/26",-25.00,DEBIT_CARD,6088.72,,
CREDIT,09/27/2023,"Zelle payment from JAMIE E O'BRIEN 18559807168",792.00,QUICKPAY_CREDIT,6113.72,,
DEBIT,09/26/2023,"CHIPOTLE 3983 ORANGE CA                      09/25",-9.54,DEBIT_CARD,5321.72,,
DEBIT,09/26/2023,"SQ *PHILZ COFFEE Orange CA                   09/25",-5.30,DEBIT_CARD,5331.26,,
CREDIT,09/26/2023,"Online Transfer from CHK ...1048 transaction#: 18544243809",670.00,ACCT_XFER,5336.56,,
DEBIT,09/25/2023,"TRADER JOE S #04 TRADE ORANGE CA     430369  09/25",-74.63,DEBIT_CARD,4666.56,,
DEBIT,09/25/2023,"ARCO #42158 ORANGE CA                        09/25",-78.25,DEBIT_CARD,4741.19,,
DEBIT,09/25/2023,"RAISING CANES 0390 SANTA ANA CA              09/24",-18.83,DEBIT_CARD,4819.44,,
DEBIT,09/25/2023,"ROCK & BREWS TUSTIN TUSTIN CA                09/23",-13.85,DEBIT_CARD,4838.27,,
DEBIT,09/25/2023,"ALBERTSONS #3534 ORANGE CA                   09/23",-48.45,DEBIT_CARD,4852.12,,
DEBIT,09/25/2023,"DR. VAPOR THE OLDE TOW 714-9124777 CA        09/22",-54.20,DEBIT_CARD,4900.57,,
DEBIT,09/25/2023,"VENMO* Visa Direct NY                        09/22",-21.00,DEBIT_CARD,4954.77,,
DEBIT,09/25/2023,"CORTINA`S ORANGE ORANGE CA                   09/21",-10.78,DEBIT_CARD,4975.77,,
DEBIT,09/25/2023,"VENMO*Carter Ashton NEW YORK CITY NY 311894  09/23",76.15,DEBIT_CARD,4986.55,,
CREDIT,09/25/2023,"Zelle payment from Marie-blandine  Longin BBT195000996",1117.00,PARTNERFI_TO_CHASE,4910.40,,
CREDIT,09/22/2023,"Zelle payment from DYLAN LEFRANCOIS BACmr4skxid9",1117.00,PARTNERFI_TO_CHASE,3793.40,,
DEBIT,09/20/2023,"APPLE CASH SENT MONE 1INFINITELOOP CA        09/19",-5.00,DEBIT_CARD,2676.40,,
CREDIT,09/20/2023,"Online Transfer from CHK ...1048 transaction#: 18494758177",800.00,ACCT_XFER,2681.40,,
CREDIT,09/20/2023,"Zelle payment from MARILYN CONZONIRE BACpejoegxr1",942.00,PARTNERFI_TO_CHASE,1881.40,,
DEBIT,09/19/2023,"VENMO* Visa Direct NY                        09/19",-55.00,DEBIT_CARD,939.40,,
DEBIT,09/19/2023,"CHIPOTLE ONLINE 949-524-4000 CA              09/19",-10.07,DEBIT_CARD,994.40,,
DEBIT,09/18/2023,"CVS/PHARMACY #09 09744 Orange CA     842831  09/17",-3.06,DEBIT_CARD,1004.47,,
DEBIT,09/18/2023,"TRADER JOE S #04 TRADE ORANGE CA     363097  09/17",-3.99,DEBIT_CARD,1007.53,,
DEBIT,09/18/2023,"TRADER JOE S #04 TRADE ORANGE CA     327575  09/17",-33.06,DEBIT_CARD,1011.52,,
DEBIT,09/18/2023,"TACO BELL 039789 ORANGE CA                   09/16",-14.00,DEBIT_CARD,1044.58,,
DEBIT,09/18/2023,"UBER   TRIP HELP.UBER.COM CA                 09/16",-10.90,DEBIT_CARD,1058.58,,
DEBIT,09/18/2023,"ALBERTSONS #3534 ORANGE CA                   09/15",-18.03,DEBIT_CARD,1069.48,,
DEBIT,09/18/2023,"SQ *DR. VAPOR OLD TOWNE Orange CA            09/15",-27.05,DEBIT_CARD,1087.51,,
DEBIT,09/18/2023,"VENMO* Visa Direct NY                        09/15",-8.00,DEBIT_CARD,1114.56,,
DEBIT,09/15/2023,"IN-N-OUT SANTA ANA 3 SANTA ANA CA            09/15",-32.34,DEBIT_CARD,1122.56,,
DEBIT,09/15/2023,"VENMO* Visa Direct NY                        09/15",-13.50,DEBIT_CARD,1154.90,,
DEBIT,09/14/2023,"ARCO #42158 ORANGE CA                        09/14",-73.92,DEBIT_CARD,1168.40,,
DEBIT,09/14/2023,"CHAP U SUB CONN ORANGE CA                    09/13",-4.84,DEBIT_CARD,1242.32,,
DEBIT,09/14/2023,"PhiGamStore 972-4715400 TX                   09/13",-117.23,DEBIT_CARD,1247.16,,
DEBIT,09/12/2023,"CVS/PHARMACY #09 09744 Orange CA     660418  09/12",-3.06,DEBIT_CARD,1364.39,,
DEBIT,09/11/2023,"TILLYS #31 IRVINE CA                 940378  09/10",-179.90,DEBIT_CARD,1367.45,,
DEBIT,09/11/2023,"TRADER JOE S #04 TRADE ORANGE CA     059419  09/10",-41.23,DEBIT_CARD,1547.35,,
DEBIT,09/11/2023,"CHIPOTLE ONLINE 949-524-4000 CA              09/10",-11.69,DEBIT_CARD,1588.58,,
DEBIT,09/11/2023,"SQ *BLK DOT COFFEE Orange CA                 09/09",-13.95,DEBIT_CARD,1600.27,,
DEBIT,09/11/2023,"UBER   *TRIP San Francisco CA        666800  09/09",-10.98,DEBIT_CARD,1614.22,,
DEBIT,09/11/2023,"CHAPMAN UNIV STAR ORANGE CA                  09/09",-12.07,DEBIT_CARD,1625.20,,
DEBIT,09/11/2023,"ALBERTSONS #3534 ORANGE CA                   09/08",-12.16,DEBIT_CARD,1637.27,,
DEBIT,09/08/2023,"VENMO* Visa Direct NY                        09/08",-14.00,DEBIT_CARD,1649.43,,
DEBIT,09/08/2023,"CHIPOTLE ONLINE 949-524-4000 CA              09/08",-10.07,DEBIT_CARD,1663.43,,
DEBIT,09/08/2023,"JAMBA JUICE ORANGE CA                        09/07",-7.42,DEBIT_CARD,1673.50,,
CREDIT,09/08/2023,"VENMO            CASHOUT                    PPD ID: 5264681992",187.74,ACH_CREDIT,1680.92,,
DEBIT,09/07/2023,"ALBERTSONS #3534 ORANGE CA                   09/06",-19.14,DEBIT_CARD,1493.18,,
DEBIT,09/07/2023,"CHAP U SUB CONN ORANGE CA                    09/06",-4.84,DEBIT_CARD,1512.32,,
DEBIT,09/06/2023,"ARCO #42158 ORANGE CA                        09/05",-62.30,DEBIT_CARD,1517.16,,
DEBIT,09/06/2023,"VENMO* Visa Direct NY                        09/06",-39.00,DEBIT_CARD,1579.46,,
DEBIT,09/06/2023,"ZYBOOK COLLEGE TXTBO HTTPSWWW.ZYBO CA        09/05",-32.00,DEBIT_CARD,1618.46,,
DEBIT,09/06/2023,"SQ *BODHI LEAF CAFE 1 Orange CA              09/05",-6.55,DEBIT_CARD,1650.46,,
DEBIT,09/06/2023,"CU LIBRARY ORANGE CA                         09/05",-2.04,DEBIT_CARD,1657.01,,
DEBIT,09/05/2023,"VENMO            PAYMENT    1029202485845   WEB ID: 3264681992",-39.81,ACH_DEBIT,1659.05,,
DEBIT,09/05/2023,"TRADER JOE S #04 TRADE ORANGE CA     048919  09/04",-88.69,DEBIT_CARD,1698.86,,
DEBIT,09/05/2023,"STARBUCKS 800-782-728 800-782-7282 WA        09/04",-10.00,DEBIT_CARD,1787.55,,
DEBIT,09/05/2023,"VENMO* Visa Direct NY                        09/04",-17.00,DEBIT_CARD,1797.55,,
DEBIT,09/05/2023,"CHIPOTLE ONLINE 949-524-4000 CA              09/04",-9.54,DEBIT_CARD,1814.55,,
DEBIT,09/05/2023,"ALBERTSONS #3534 ORANGE CA                   09/02",-87.54,DEBIT_CARD,1824.09,,
DEBIT,09/05/2023,"RAISING CANES 0211 ORANGE CA                 09/02",-12.74,DEBIT_CARD,1911.63,,
DEBIT,09/05/2023,"Uber Technologies, I San Francisco CA796708  09/01",-9.29,DEBIT_CARD,1924.37,,
DEBIT,09/05/2023,"UBER   TRIP HELP.UBER.COM CA                 09/02",-10.93,DEBIT_CARD,1933.66,,
DEBIT,09/05/2023,"UBER   TRIP HELP.UBER.COM CA                 09/02",-12.91,DEBIT_CARD,1944.59,,
CREDIT,09/05/2023,"Online Transfer from CHK ...1048 transaction#: 18359032989",349.00,ACCT_XFER,1957.50,,
DEBIT,09/01/2023,"CHAP U SUB CONN ORANGE CA                    08/31",-4.84,DEBIT_CARD,1608.50,,
DEBIT,08/31/2023,"CU LIBRARY ORANGE CA                         08/30",-2.04,DEBIT_CARD,1613.34,,
DEBIT,08/31/2023,"ZYBOOK COLLEGE TXTBO HTTPSWWW.ZYBO CA        08/30",-64.00,DEBIT_CARD,1615.38,,
DEBIT,08/31/2023,"APPLE CASH SENT MONE 1INFINITELOOP CA        08/30",-25.00,DEBIT_CARD,1679.38,,
DEBIT,08/30/2023,"TST* Wazabi Sushi - Ora Orange CA            08/29",-41.39,DEBIT_CARD,1704.38,,
DEBIT,08/30/2023,"CU LIBRARY ORANGE CA                         08/29",-2.58,DEBIT_CARD,1745.77,,
DEBIT,08/29/2023,"TRADER JOE S #04 TRADE ORANGE CA     131960  08/29",-66.53,DEBIT_CARD,1748.35,,
DEBIT,08/29/2023,"WITHDRAWAL 08/29",-100.00,MISC_DEBIT,1814.88,,
DEBIT,08/29/2023,"WITHDRAWAL 08/29",-6700.00,MISC_DEBIT,1914.88,,
DEBIT,08/29/2023,"ALBERTSONS #3534 ORANGE CA                   08/28",-14.35,DEBIT_CARD,8614.88,,
DEBIT,08/29/2023,"CHIPOTLE ONLINE 949-524-4000 CA              08/29",-9.54,DEBIT_CARD,8629.23,,
DEBIT,08/29/2023,"CHAP U SUB CONN ORANGE CA                    08/28",-3.76,DEBIT_CARD,8638.77,,
DEBIT,08/29/2023,"UBER   TRIP HELP.UBER.COM CA                 08/28",-7.96,DEBIT_CARD,8642.53,,
CREDIT,08/29/2023,"Zelle payment from HOWARD SHIEBLER 21I0HXLU1XCN",1317.00,PARTNERFI_TO_CHASE,8650.49,,
CREDIT,08/29/2023,"Online Transfer from CHK ...9965 transaction#: 18291552029",1900.00,ACCT_XFER,7333.49,,
DEBIT,08/28/2023,"COUNTRY ROADS ANTIQUES 714-5323041 CA        08/27",-31.25,DEBIT_CARD,5433.49,,
DEBIT,08/28/2023,"SQ *BLK DOT COFFEE Orange CA                 08/27",-19.70,DEBIT_CARD,5464.74,,
DEBIT,08/28/2023,"CROWDED.ME HTTPSCROWDED. CA                  08/26",-1441.30,DEBIT_CARD,5484.44,,
DEBIT,08/28/2023,"UBER   TRIP HELP.UBER.COM CA                 08/26",-7.67,DEBIT_CARD,6925.74,,
DEBIT,08/28/2023,"UBER   TRIP HELP.UBER.COM CA                 08/26",-7.40,DEBIT_CARD,6933.41,,
DEBIT,08/28/2023,"UBER   TRIP HELP.UBER.COM CA                 08/25",-8.99,DEBIT_CARD,6940.81,,
DEBIT,08/28/2023,"QWIK KORNER Orange CA                        08/25",-9.08,DEBIT_CARD,6949.80,,
DEBIT,08/28/2023,"UBER   TRIP HELP.UBER.COM CA                 08/26",-7.84,DEBIT_CARD,6958.88,,
DEBIT,08/28/2023,"UBER   TRIP HELP.UBER.COM CA                 08/26",-9.99,DEBIT_CARD,6966.72,,
DEBIT,08/25/2023,"TRADER JOE S #04 TRADE ORANGE CA     222453  08/25",-31.01,DEBIT_CARD,6976.71,,
DEBIT,08/25/2023,"UBER   TRIP HELP.UBER.COM CA                 08/25",-7.08,DEBIT_CARD,7007.72,,
DEBIT,08/25/2023,"WAHOO'S FISH TACO-128 ORANGE CA              08/24",-16.14,DEBIT_CARD,7014.80,,
CREDIT,08/25/2023,"Zelle payment from ETHAN GOLDBERG 18265707031",715.00,QUICKPAY_CREDIT,7030.94,,
CREDIT,08/25/2023,"Zelle payment from DYLAN LEFRANCOIS BACkgi0nvpjh",1117.00,PARTNERFI_TO_CHASE,6315.94,,
DEBIT,08/25/2023,"WHOOP WWW.WHOOP.COM MA                       08/24",8.99,DEBIT_CARD,5198.94,,
DEBIT,08/24/2023,"TARGET        00002303 ORANGE CA             08/23",-27.62,DEBIT_CARD,5189.95,,
DEBIT,08/24/2023,"CHIPOTLE 3983 ORANGE CA                      08/23",-9.54,DEBIT_CARD,5217.57,,
DEBIT,08/24/2023,"UBER   TRIP HELP.UBER.COM CA                 08/23",-6.57,DEBIT_CARD,5227.11,,
DEBIT,08/24/2023,"QWIK KORNER Orange CA                        08/22",-3.08,DEBIT_CARD,5233.68,,
CREDIT,08/24/2023,"Zelle payment from Marie-blandine  Longin BBT190204771",1117.00,PARTNERFI_TO_CHASE,5236.76,,
DEBIT,08/23/2023,"CHIPOTLE 3983 ORANGE CA                      08/22",-9.54,DEBIT_CARD,4119.76,,
CREDIT,08/23/2023,"Online Transfer from CHK ...1048 transaction#: 18243198218",140.00,ACCT_XFER,4129.30,,
CREDIT,08/23/2023,"Online Transfer from CHK ...1048 transaction#: 18243203740",800.00,ACCT_XFER,3989.30,,
DEBIT,08/22/2023,"VENMO* Visa Direct NY                        08/22",-10.00,DEBIT_CARD,3189.30,,
DEBIT,08/22/2023,"SUPER SPORTS GOLF & REC ORANGE CA            08/21",-12.00,DEBIT_CARD,3199.30,,
DEBIT,08/22/2023,"VENMO* Visa Direct NY                        08/21",-11.00,DEBIT_CARD,3211.30,,
DEBIT,08/22/2023,"VENMO* Visa Direct NY                        08/22",-23.00,DEBIT_CARD,3222.30,,
CREDIT,08/22/2023,"Zelle payment from JAMIE E O'BRIEN 18235349849",792.00,QUICKPAY_CREDIT,3245.30,,
DEBIT,08/21/2023,"TRADER JOE S #04 TRADE ORANGE CA     233572  08/21",-29.53,DEBIT_CARD,2453.30,,
DEBIT,08/21/2023,"USPS PO 05566403 1075 ORANGE CA      637688  08/21",-1.69,DEBIT_CARD,2482.83,,
DEBIT,08/21/2023,"TARGET        00002303 ORANGE CA             08/20",-32.31,DEBIT_CARD,2484.52,,
DEBIT,08/21/2023,"TRADER JOE S #04 TRADE ORANGE CA     430755  08/20",-43.49,DEBIT_CARD,2516.83,,
DEBIT,08/21/2023,"CHEVRON 0208716 ORANGE CA                    08/20",-70.57,DEBIT_CARD,2560.32,,
DEBIT,08/21/2023,"GLEN HELEN AMPHITHEATE SN BERNRDNO CA        08/20",-5.39,DEBIT_CARD,2630.89,,
DEBIT,08/21/2023,"ALBERTSONS #3534 ORANGE CA                   08/19",-35.05,DEBIT_CARD,2636.28,,
DEBIT,08/21/2023,"PANDOR BAKERY 714-9124007 CA                 08/19",-19.34,DEBIT_CARD,2671.33,,
DEBIT,08/21/2023,"CHIPOTLE 3983 ORANGE CA                      08/18",-9.54,DEBIT_CARD,2690.67,,
CREDIT,08/21/2023,"Zelle payment from MARILYN CONZONIRE BACpcwq6fcrk",942.00,PARTNERFI_TO_CHASE,2700.21,,
DEBIT,08/18/2023,"VENMO* Visa Direct NY                        08/18",-63.00,DEBIT_CARD,1758.21,,
DEBIT,08/16/2023,"WALNUT CREEK GOLF COR WALNUT CREEK CA        08/15",-10.00,DEBIT_CARD,1821.21,,
DEBIT,08/16/2023,"ALLIANZ EVENT INS ALLIANZINS.US VA           08/15",-9.00,DEBIT_CARD,1831.21,,
DEBIT,08/16/2023,"TM TICKETMASTER 800-653-8000 CA              08/16",-86.76,DEBIT_CARD,1840.21,,
DEBIT,08/15/2023,"BOUNDARY OAK GOLF COU WALNUT CREEK CA510151  08/15",-40.00,DEBIT_CARD,1926.97,,
DEBIT,08/15/2023,"STARBUCKS STORE 24654 DAVIS CA               08/14",-20.00,DEBIT_CARD,1966.97,,
DEBIT,08/14/2023,"SAFEWAY #1592 KINGS BEACH CA                 08/13",-32.97,DEBIT_CARD,1986.97,,
DEBIT,08/14/2023,"NORTHSTAR FOOD&BEVERAGE TRUCKEE CA           08/11",-36.81,DEBIT_CARD,2019.94,,
DEBIT,08/14/2023,"SAFEWAY #1266 TRUCKEE CA                     08/11",-35.20,DEBIT_CARD,2056.75,,
DEBIT,08/14/2023,"CHEVRON 0094114 PLEASANT HILL CA             08/11",-7.29,DEBIT_CARD,2091.95,,
DEBIT,08/14/2023,"SAN RAMON GOLF CLUB LAKE FOREST CA           08/10",-12.00,DEBIT_CARD,2099.24,,
DEBIT,08/11/2023,"VENMO* Visa Direct NY                        08/11",-20.00,DEBIT_CARD,2111.24,,
DEBIT,08/11/2023,"SQ *JUICE ZONE Danville CA                   08/10",-9.14,DEBIT_CARD,2131.24,,
DEBIT,08/10/2023,"THE BRIDGES GOLF CLUB FREMONT CA             08/09",-17.00,DEBIT_CARD,2140.38,,
DSLIP,08/09/2023,"REMOTE ONLINE DEPOSIT #          1",467.02,CHECK_DEPOSIT,2157.38,1,
DEBIT,08/09/2023,"TILDEN PARK GOLF COURSE BERKELEY CA          08/07",10.00,DEBIT_CARD,1690.36,,
DEBIT,08/08/2023,"TILDEN PARK GOLF COUR BERKELEY CA            08/07",-8.00,DEBIT_CARD,1680.36,,
